ISA*00*          *00*          *ZZ*330897513      *ZZ*MEDBOSSC       *210901*0817*^*00501*867227315*0*P*:~GS*HP*330897513*MEDBOSSC*20210901*0817*867227315*X*005010X221A1~ST*835*0001~BPR*I*153.66*C*ACH*CCP*01*121301028*DA*0006883451*1990309519**01*321370765*DA*8102075433*20210521~TRN*1*30225087*1990309519~DTM*405*20210519~N1*PR*ALOHACARE~N3*1357 KAPIOLANI BLVD*SUITE 1250~N4*HONOLULU*HI*96814~REF*2U*MEDICAID752777124~PER*BL*ALOHACARE EDI*TE*8089731650*EM*EDI@ALOHACARE.ORG~N1*PE*SERENITY COUNSELING SERVICES HAWAII*XX*1588011043~N3*99-149 MOANALUA RD RM 201~N4*AIEA*HI*96701~REF*TJ*812344400~LX*1~CLP*667-843*1*180*97.91**MC*2113792852*11*1~NM1*QC*1*PARK*JASON*M***MI*0002256344~NM1*82*1*LINARES*DAVID*P***XX*1699008045~DTM*232*20210501~DTM*233*20210501~AMT*AU*97.91~SVC*HC:90791*180*97.91~DTM*472*20210501~CAS*CO*45*82.09~REF*6R*462667-843~AMT*B6*97.91~CLP*667-909*1*120*55.75**MC*2113792868*11*1~NM1*QC*1*PARK*JASON*M***MI*0002256344~NM1*82*1*LINARES*DAVID*P***XX*1699008045~DTM*232*20210508~DTM*233*20210508~AMT*AU*55.75~SVC*HC:90834*120*55.75~DTM*472*20210508~CAS*CO*45*64.25~REF*6R*471667-909~AMT*B6*55.75~SE*37*0001~ST*835*0002~BPR*I*54.69*C*ACH*CCP*01*121301028*DA*0006883451*1990309519**01*321370765*DA*8102075433*20210319~TRN*1*30209120*1990309519~DTM*405*20210317~N1*PR*ALOHACARE~N3*1357 KAPIOLANI BLVD*SUITE 1250~N4*HONOLULU*HI*96814~REF*2U*MEDICAID752777124~PER*BL*ALOHACARE EDI*TE*8089731650*EM*EDI@ALOHACARE.ORG~N1*PE*SERENITY COUNSELING SERVICES HAWAII*XX*1588011043~N3*99-149 MOANALUA RD RM 201~N4*AIEA*HI*96701~REF*TJ*812344400~LX*1~CLP*928385169*1*150*54.69**MC*2107492794*11*1~NM1*QC*1*MINNICK*BRADY****MI*0002299534~NM1*82*1*FERREIRA*LORI*M***XX*1811143126~DTM*232*20210222~DTM*233*20210222~AMT*AU*54.69~SVC*HC:90847:95*150*54.69~DTM*472*20210222~CAS*CO*45*95.31~REF*6R*928741246~AMT*B6*54.69~SE*26*0002~GE*2*867227315~IEA*1*867227315~