ISA*00*          *00*          *ZZ*330897513      *ZZ*MEDBOSSC       *210910*0705*^*00501*870081756*0*P*:~GS*HP*330897513*MEDBOSSC*20210910*0705*870081756*X*005010X221A1~ST*835*0001~BPR*I*276.72*C*ACH*CCP*01*043301627*DA*1077764011*1571132733*000000000*01*321370765*DA*8102075433*20210913~TRN*1*5344638249TA1*1571132733*000000000~REF*EV*7GW0013CA3~REF*F2*1588011043    R88010906006324~DTM*405*20210906~N1*PR*PGBA,LLC~N3*TRICARE WEST REGION CLAIMS*P.O. BOX 202112~N4*FLORENCE*SC*295022112~PER*CX*TRICARE WEST REGION CLAIMS CORRESPONDENCE*TE*8448669378~PER*BL*TRICARE ELECTRONIC CLAIMS SERVICE CENTER*TE*8003255920~N1*PE*SERENITY COUNSELING SERVICES*XX*1588011043~N3*SUITE 201*10641 WINDSMONT CT~N4*LEHIGH ACRES*FL*33936~REF*TJ*812344400~LX*1~CLP*652-3985*1*120*69.18**CH*H243X7FFB0000*02*1~NM1*QC*1*ELLIS*NICHOLAS*A***HN*652-3985~NM1*82*1*FERREIRA*LORI****XX*1811143126~REF*1H*576766277~DTM*050*20210831~AMT*AU*69.18~SVC*HC:90834:95*120*69.18~DTM*472*20210810~CAS*CO*45*50.82~REF*6R*811533234L897492485~AMT*B6*69.18~LX*2~CLP*652-3981*1*120*69.18**CH*H243X7FFC0000*02*1~NM1*QC*1*ELLIS*NICHOLAS*A***HN*652-3981~NM1*82*1*FERREIRA*LORI****XX*1811143126~REF*1H*576766277~DTM*050*20210831~AMT*AU*69.18~SVC*HC:90834:95*120*69.18~DTM*472*20210727~CAS*CO*45*50.82~REF*6R*811533216L897492469~AMT*B6*69.18~LX*3~CLP*652-3987*1*120*69.18**CH*H243X7FFD0000*02*1~NM1*QC*1*ELLIS*NICHOLAS*A***HN*652-3987~NM1*82*1*FERREIRA*LORI****XX*1811143126~REF*1H*576766277~DTM*050*20210831~AMT*AU*69.18~SVC*HC:90834:95*120*69.18~DTM*472*20210818~CAS*CO*45*50.82~REF*6R*811533246L897492502~AMT*B6*69.18~LX*4~CLP*652-3983*1*120*69.18**CH*H243X7FFF0000*02*1~NM1*QC*1*ELLIS*NICHOLAS*A***HN*652-3983~NM1*82*1*FERREIRA*LORI****XX*1811143126~REF*1H*576766277~DTM*050*20210831~AMT*AU*69.18~SVC*HC:90834:95*120*69.18~DTM*472*20210803~CAS*CO*45*50.82~REF*6R*811533228L897492464~AMT*B6*69.18~SE*64*0001~GE*1*870081756~IEA*1*870081756~