ISA*00*          *00*          *ZZ*330897513      *ZZ*MEDBOSSC       *211016*0809*^*00501*882310867*0*P*:~GS*HP*330897513*MEDBOSSC*20211016*0809*882310867*X*005010X221A1~ST*835*0001~BPR*I*410.12*C*ACH*CCP*01*031202770*DA*8026501176*1841160004*000000000*01*321370765*DA*8102075433*20211019~TRN*1*5451098287VT2*1860813402*000000000~REF*EV*7GW1459CA3~REF*F2*1588011043    R35011014002270~DTM*405*20211014~N1*PR*TRIWEST HEALTHCARE ALLIANCE~N3*PO BOX 42270~N4*PHOENIX*AZ*850802270~PER*CX**TE*8772268749~PER*BL*VA CCN PROVIDER SERVICES*TE*8002590264~PER*IC**UR*WWW.TRIWEST.COM~N1*PE*DAVID LINARES*XX*1588011043~N3*APT 3U*94-1261 LUMIKULA ST~N4*WAIPAHU*HI*96797~REF*TJ*812344400~LX*1~CLP*928208898*1*190*112.1**VA*H253402TJ0000*11*1~NM1*QC*1*SMART*DARIO*F***MI*1002043269V636523~DTM*050*20210910~AMT*AU*112.1~SVC*HC:90791:95*190*112.1~DTM*472*20201208~CAS*CO*45*77.9~AMT*B6*112.1~LX*2~CLP*869-2364*1*180*138.74**VA*H280X1G270000*11*1~NM1*QC*1*CORRALES*CORI****MI*1019163921V917003~DTM*050*20211007~AMT*AU*138.74~SVC*HC:90791:95*180*138.74~DTM*472*20210628~CAS*CO*45*41.26~REF*6R*648869-2364~AMT*B6*138.74~LX*3~CLP*637-2043*1*120*79.64**VA*H286X1DXW0000*11*1~NM1*QC*1*JORGE*VINCENTE*C***MI*1009738141V101265~DTM*050*20211013~AMT*AU*79.64~SVC*HC:90834:95*120*79.64~DTM*472*20210518~CAS*CO*45*40.36~REF*6R*001637-2043~AMT*B6*79.64~LX*4~CLP*637-2047*1*120*79.64**VA*H286X1DXX0000*11*1~NM1*QC*1*JORGE*VINCENTE*C***MI*1009738141V101265~DTM*050*20211013~AMT*AU*79.64~SVC*HC:90834:95*120*79.64~DTM*472*20210525~CAS*CO*45*40.36~REF*6R*003637-2047~AMT*B6*79.64~LX*5~CLP*637-2051*1*120*0**VA*H286X1DXY0000*11*1~NM1*QC*1*JORGE*VINCENTE*C***MI*1009738141V101265~DTM*050*20211013~SVC*HC:90834:95*120*0~DTM*472*20210608~CAS*CO*288*120~REF*6R*007637-2051~LQ*HE*N489~LX*6~CLP*637-2053*1*120*0**VA*H286X1DXZ0000*11*1~NM1*QC*1*JORGE*VINCENTE*C***MI*1009738141V101265~DTM*050*20211013~SVC*HC:90834:95*120*0~DTM*472*20210610~CAS*CO*288*120~REF*6R*009637-2053~LQ*HE*N489~LX*7~CLP*637-2732*1*120*0**VA*H286X1DY50000*11*1~NM1*QC*1*JORGE*VINCENTE*C***MI*1009738141V101265~DTM*050*20211013~SVC*HC:90834:95*120*0~DTM*472*20210622~CAS*CO*288*120~REF*6R*024637-2732~LQ*HE*N489~LX*8~CLP*637-2735*1*120*0**VA*H286X1DY60000*11*1~NM1*QC*1*JORGE*VINCENTE*C***MI*1009738141V101265~DTM*050*20211013~SVC*HC:90834:95*120*0~DTM*472*20210629~CAS*CO*288*120~REF*6R*025637-2735~LQ*HE*N489~LX*9~CLP*637-2737*1*120*0**VA*H286X1DY70000*11*1~NM1*QC*1*JORGE*VINCENTE*C***MI*1009738141V101265~DTM*050*20211013~SVC*HC:90834:95*120*0~DTM*472*20210706~CAS*CO*288*120~REF*6R*029637-2737~LQ*HE*N489~LX*10~CLP*623-2509*1*120*0**VA*H286X1GLY0000*11*1~NM1*QC*1*BARRERA*DANNY****MI*757156392~DTM*050*20211013~SVC*HC:90834:95*120*0~DTM*472*20210517~CAS*CO*288*120~REF*6R*152623-2509~LQ*HE*N489~LX*11~CLP*623-2511*1*120*0**VA*H286X1GLZ0000*11*1~NM1*QC*1*BARRERA*DANNY****MI*757156392~DTM*050*20211013~SVC*HC:90834:95*120*0~DTM*472*20210601~CAS*CO*288*120~REF*6R*153623-2511~LQ*HE*N489~LX*12~CLP*623-2513*1*120*0**VA*H286X1GM00000*11*1~NM1*QC*1*BARRERA*DANNY****MI*757156392~DTM*050*20211013~SVC*HC:90834:95*120*0~DTM*472*20210607~CAS*CO*288*120~REF*6R*154623-2513~LQ*HE*N489~LX*13~CLP*623-2515*1*120*0**VA*H286X1GM10000*11*1~NM1*QC*1*BARRERA*DANNY****MI*757156392~DTM*050*20211013~SVC*HC:90834:95*120*0~DTM*472*20210614~CAS*CO*288*120~REF*6R*155623-2515~LQ*HE*N489~LX*14~CLP*623-2517*1*120*0**VA*H286X1GM20000*11*1~NM1*QC*1*BARRERA*DANNY****MI*757156392~DTM*050*20211013~SVC*HC:90834:95*120*0~DTM*472*20210621~CAS*CO*288*120~REF*6R*156623-2517~LQ*HE*N489~LX*15~CLP*623-2519*1*120*0**VA*H286X1GM30000*11*1~NM1*QC*1*BARRERA*DANNY****MI*757156392~DTM*050*20211013~SVC*HC:90834:95*120*0~DTM*472*20210628~CAS*CO*288*120~REF*6R*157623-2519~LQ*HE*N489~SE*155*0001~GE*1*882310867~IEA*1*882310867~