ISA*00*          *00*          *ZZ*330897513      *ZZ*MEDBOSSC       *210908*0843*^*00501*869528016*0*P*:~GS*HP*330897513*MEDBOSSC*20210908*0843*869528016*X*005010X221A1~ST*835*0001~BPR*I*645.57*C*ACH*CTX*01*121301028*DA*0085442686*UNIVHEALTH**01*321370765*DA*8102075433*20210902~TRN*1*3277041*1990263440~REF*F2*5.40~N1*PR*UNIVERSITY HEALTH ALLIANCE~N3*700 BISHOP STREET SUITE 300~N4*HONOLULU*HI*96813~PER*CX*HOWARD LEE*TE*8085324000~PER*BL*HOWARD LEE*TE*8085324000~N1*PE*SERENITY COUNSELING SERVICES HAWAII, LLC*XX*1588011043~N3*94-1261 LUMIKULA ST, # 3U~N4*WAIPAHU*HI*96797~REF*TJ*812344400~REF*PQ*812344400~LX*1~CLP*1948-3945*1*220*0**16*2124230985*02~NM1*QC*1*TAUTUIAKI*LACHONEUSS****MI*801012720-01~NM1*82*1*LINARES*DAVID****XX*1699008045~DTM*232*20210820~DTM*233*20210820~DTM*050*20210830~SVC*HC:90792:95*220*0~CAS*CO*45*220~REF*6R*0281948-3945~CLP*653-3401*1*120*76.25**16*2124231004*02~NM1*QC*1*GARCIA*CRYSTAL ANN****MI*123060455-01~NM1*82*1*FERREIRA*LORI****XX*1811143126~DTM*232*20210605~DTM*233*20210605~DTM*050*20210830~AMT*AU*76.25~SVC*HC:90834:95*120*76.25**2~CAS*CO*45*43.75~REF*6R*264653-3401~AMT*B6*76.25~CLP*653-3397*1*120*76.25**16*2124231006*02~NM1*QC*1*GARCIA*CRYSTAL ANN****MI*123060455-01~NM1*82*1*FERREIRA*LORI****XX*1811143126~DTM*232*20210522~DTM*233*20210522~DTM*050*20210830~AMT*AU*76.25~SVC*HC:90834:95*120*76.25**2~CAS*CO*45*43.75~REF*6R*262653-3397~AMT*B6*76.25~CLP*653-3399*1*120*95.8**16*2124231014*02~NM1*QC*1*GARCIA*CRYSTAL ANN****MI*123060455-01~NM1*82*1*FERREIRA*LORI****XX*1811143126~DTM*232*20210529~DTM*233*20210529~DTM*050*20210830~AMT*AU*95.8~SVC*HC:90847:95*120*95.8~CAS*CO*45*24.2~REF*6R*263653-3399~AMT*B6*95.8~CLP*653-3858*1*120*76.25**16*2124231019*02~NM1*QC*1*GARCIA*CRYSTAL ANN****MI*123060455-01~NM1*82*1*FERREIRA*LORI****XX*1811143126~DTM*232*20210731~DTM*233*20210731~DTM*050*20210830~AMT*AU*76.25~SVC*HC:90834:95*120*76.25**2~CAS*CO*45*43.75~REF*6R*795653-3858~AMT*B6*76.25~CLP*653-3405*1*120*76.25**16*2124231023*02~NM1*QC*1*GARCIA*CRYSTAL ANN****MI*123060455-01~NM1*82*1*FERREIRA*LORI****XX*1811143126~DTM*232*20210619~DTM*233*20210619~DTM*050*20210830~AMT*AU*76.25~SVC*HC:90834:95*120*76.25**2~CAS*CO*45*43.75~REF*6R*266653-3405~AMT*B6*76.25~CLP*653-3395*1*120*76.25**16*2124231030*02~NM1*QC*1*GARCIA*CRYSTAL ANN****MI*123060455-01~NM1*82*1*FERREIRA*LORI****XX*1811143126~DTM*232*20210515~DTM*233*20210515~DTM*050*20210830~AMT*AU*76.25~SVC*HC:90834:95*120*76.25**2~CAS*CO*45*43.75~REF*6R*261653-3395~AMT*B6*76.25~CLP*653-3403*1*120*76.25**16*2124231040*02~NM1*QC*1*GARCIA*CRYSTAL ANN****MI*123060455-01~NM1*82*1*FERREIRA*LORI****XX*1811143126~DTM*232*20210612~DTM*233*20210612~DTM*050*20210830~AMT*AU*76.25~SVC*HC:90834:95*120*76.25**2~CAS*CO*45*43.75~REF*6R*265653-3403~AMT*B6*76.25~CLP*570-3844*1*120*92.27**16*2124231084*02~NM1*QC*1*BAIRD*JACOB****MI*808707701-01~NM1*82*1*LINARES*DAVID****XX*1699008045~DTM*232*20210816~DTM*233*20210816~DTM*050*20210830~AMT*AU*92.27~SVC*HC:90847:95*120*92.27~CAS*CO*45*27.73~REF*6R*275570-3844~AMT*B6*92.27~SE*113*0001~GE*1*869528016~IEA*1*869528016~