ISA*00*          *00*          *ZZ*330897513      *ZZ*MEDBOSSC       *210608*0254*^*00501*839847871*0*P*:~GS*HP*330897513*MEDBOSSC*20210608*0254*839847871*X*005010X221A1~ST*835*0001~BPR*I*1714.26*C*ACH*CCP*01*121301015*DA*48070310*1990040115**01*321370765*DA*81020-75433*20210608~TRN*1*1630006*1990040115~REF*F2*5.40~DTM*405*20210601~N1*PR*HAWAII MEDICAL SERVICE ASSOCIATION~N3*818 KEEAUMOKU ST~N4*HONOLULU*HI*96814~PER*BL*ETS*TE*8089486355~N1*PE*SERENITY COUNSELING SERVIC*XX*1588011043~REF*TJ*812344400~LX*1~CLP*928543296*1*120*99.97**12*21151E0000739*11~NM1*QC*1*OWENS*NATALIE****MI*XLAR000030570758~NM1*IL*1*OWENS*LAMONT****MI*XLAR000030570758~NM1*74*1******C*R000030570758~NM1*82*1*PLAYTER*AILEEN*T***XX*1013394097~REF*CE*898~DTM*232*20210524~DTM*233*20210524~DTM*050*20210530~AMT*AU*99.97~SVC*HC:90834:95*120*99.97~CAS*CO*45*20.03~REF*6R*9281014767~AMT*B6*99.97~CLP*928543270*1*175*107.39**12*21151E0000823*11~NM1*QC*1*OWENS*NATALIE****MI*XLAR000030570758~NM1*IL*1*OWENS*LAMONT****MI*XLAR000030570758~NM1*74*1******C*R000030570758~NM1*82*1*PLAYTER*AILEEN*T***XX*1013394097~REF*CE*898~DTM*232*20210517~DTM*233*20210517~DTM*050*20210530~AMT*AU*107.39~SVC*HC:90837:95*175*107.39~CAS*CO*45*67.61~REF*6R*9281014736~AMT*B6*107.39~CLP*928543269*1*175*93.39*14*12*21151E0000824*11~NM1*QC*1*YAGO*SCOTT ALLE****MI*XLRR000082156936~NM1*74*1**SCOTT ALLEN*R***C*R000082156936~NM1*82*1*WATERS*LORI*M***XX*1760854152~REF*CE*744~DTM*232*20210517~DTM*233*20210517~DTM*050*20210530~AMT*AU*107.39~SVC*HC:90837:95*175*93.39~CAS*PR*3*14~CAS*CO*45*67.61~REF*6R*9281014735~AMT*B6*107.39~CLP*928543337*1*120*99.97**12*21152E0000020*11~NM1*QC*1*OWENS*NATALIE****MI*XLAR000030570758~NM1*IL*1*OWENS*LAMONT****MI*XLAR000030570758~NM1*74*1******C*R000030570758~NM1*82*1*PLAYTER*AILEEN*T***XX*1013394097~REF*CE*898~DTM*232*20210528~DTM*233*20210528~DTM*050*20210531~AMT*AU*99.97~SVC*HC:90834:95*120*99.97~CAS*CO*45*20.03~REF*6R*9281014816~AMT*B6*99.97~CLP*928529610*2*190*12**12*2115100000863*11~NM1*QC*1*CARPENTER*CAROLYN****MI*R000081147571~NM1*IL*1*CARPENTER*CAROLYN****MI*R000081147571~NM1*74*1*CUEVAS*MARTIN*A***C*R000080663123~NM1*82*1*MATSUMOTO*NATALIA*A***XX*1427398312~REF*CE*762~DTM*232*20210424~DTM*233*20210424~DTM*050*20210531~AMT*AU*129.8~SVC*HC:90791:95*190*12~CAS*OA*23*178~REF*6R*928990262~AMT*B6*129.8~CLP*928543283*1*175*95.39*12*12*21151E0000667*11~NM1*QC*1*KIRK*JONATHAN****MI*XLPR000080356330~NM1*IL*1*KIRK*AARON****MI*XLPR000080356330~NM1*74*1*STEITZ*MICHELLE*M***C*R000082708413~NM1*82*1*WATERS*LORI*M***XX*1760854152~REF*CE*828~DTM*232*20210518~DTM*233*20210518~DTM*050*20210530~AMT*AU*107.39~SVC*HC:90837:95*175*95.39~CAS*PR*3*12~CAS*CO*45*67.61~REF*6R*9281014754~AMT*B6*107.39~CLP*928543313*1*175*95.39*12*12*21151E0000715*11~NM1*QC*1*RIFE*ROBYN****MI*R000083705426~NM1*IL*1*RIFE*ROBERT****MI*R000083705426~NM1*82*1*WATERS*LORI*M***XX*1760854152~REF*CE*766~DTM*232*20210525~DTM*233*20210525~DTM*050*20210530~AMT*AU*107.39~SVC*HC:90837:95*175*95.39~CAS*PR*3*12~CAS*CO*45*67.61~REF*6R*9281014789~AMT*B6*107.39~CLP*928543320*1*175*95.39*12*12*21151E0000781*11~NM1*QC*1*MARTIN*SANDRA****MI*XLPR000080101728~NM1*74*1***L***C*R000080101728~NM1*82*1*PLAYTER*AILEEN*T***XX*1013394097~REF*CE*754~DTM*232*20210525~DTM*233*20210525~DTM*050*20210530~AMT*AU*107.39~SVC*HC:90837:95*175*95.39~CAS*PR*3*12~CAS*CO*45*67.61~REF*6R*9281014796~AMT*B6*107.39~CLP*928543227*1*175*95.39*12*12*21151E0000786*11~NM1*QC*1*LOPEZ*SHASTY****MI*R000084315951~NM1*82*1*WATERS*LORI*M***XX*1760854152~REF*CE*662~DTM*232*20210514~DTM*233*20210514~DTM*050*20210530~AMT*AU*107.39~SVC*HC:90837:95*175*95.39~CAS*PR*3*12~CAS*CO*45*67.61~REF*6R*9281014659~AMT*B6*107.39~CLP*554-990*1*120*87.97*12*12*21151E0004308*02~NM1*QC*1*KAWAMOTO*RENEE****MI*R000080509243~NM1*IL*1*KAWAMOTO*RENEE****MI*R000080509243~NM1*74*1**KALEN*M~NM1*82*1*LINARES*DAVID****XX*1699008045~REF*CE*686~DTM*232*20210516~DTM*233*20210516~DTM*050*20210530~AMT*AU*99.97~SVC*HC:90834:95*120*87.97~CAS*PR*3*12~CAS*CO*45*20.03~REF*6R*586554-990~AMT*B6*99.97~CLP*710-1006*1*180*117.8*12*12*21151E0004727*02~NM1*QC*1*HANNA*ROXANNE****MI*XLFR000082277062~NM1*82*1*LINARES*DAVID****XX*1699008045~REF*CE*912~DTM*232*20210516~DTM*233*20210516~DTM*050*20210530~AMT*AU*129.8~SVC*HC:90791:95*180*117.8~CAS*PR*3*12~CAS*CO*45*50.2~REF*6R*594710-1006~AMT*B6*129.8~CLP*554-1222*1*120*87.97*12*12*21151E0004928*02~NM1*QC*1*KAWAMOTO*RENEE****MI*R000080509243~NM1*IL*1*KAWAMOTO*RENEE****MI*R000080509243~NM1*74*1**KALEN*M~NM1*82*1*LINARES*DAVID****XX*1699008045~REF*CE*686~DTM*232*20210523~DTM*233*20210523~DTM*050*20210530~AMT*AU*99.97~SVC*HC:90834:95*120*87.97~CAS*PR*3*12~CAS*CO*45*20.03~REF*6R*606554-1222~AMT*B6*99.97~CLP*710-1331*1*120*87.97*12*12*21151E0005390*02~NM1*QC*1*HANNA*ROXANNE****MI*XLFR000082277062~NM1*82*1*LINARES*DAVID****XX*1699008045~REF*CE*912~DTM*232*20210524~DTM*233*20210524~DTM*050*20210530~AMT*AU*99.97~SVC*HC:90834:95*120*87.97~CAS*PR*3*12~CAS*CO*45*20.03~REF*6R*614710-1331~AMT*B6*99.97~CLP*928543291*1*175*95.39*12*12*21152E0000093*11~NM1*QC*1*LOPEZ*SHASTY****MI*R000084315951~NM1*82*1*WATERS*LORI*M***XX*1760854152~REF*CE*662~DTM*232*20210521~DTM*233*20210521~DTM*050*20210531~AMT*AU*107.39~SVC*HC:90837:95*175*95.39~CAS*PR*3*12~CAS*CO*45*67.61~REF*6R*9281014762~AMT*B6*107.39~CLP*928543995*1*175*95.39*12*12*21152E0000095*11~NM1*QC*1*NAVARRETTE*REYN*J***MI*XLPR000083457226~NM1*82*1*MATSUMOTO*NATALIA*A***XX*1427398312~REF*CE*751~DTM*232*20210509~DTM*233*20210509~DTM*050*20210531~AMT*AU*107.39~SVC*HC:90837:95*175*95.39~CAS*PR*3*12~CAS*CO*45*67.61~REF*6R*9281016317~AMT*B6*107.39~CLP*928543277*1*175*95.39*12*12*21152E0000154*11~NM1*QC*1*RIFE*ROBYN****MI*R000083705426~NM1*IL*1*RIFE*ROBERT****MI*R000083705426~NM1*82*1*WATERS*LORI*M***XX*1760854152~REF*CE*766~DTM*232*20210518~DTM*233*20210518~DTM*050*20210531~AMT*AU*107.39~SVC*HC:90837:95*175*95.39~CAS*PR*3*12~CAS*CO*45*67.61~REF*6R*9281014746~AMT*B6*107.39~CLP*928543340*1*175*95.39*12*12*21152E0000257*11~NM1*QC*1*LOPEZ*SHASTY****MI*R000084315951~NM1*82*1*WATERS*LORI*M***XX*1760854152~REF*CE*662~DTM*232*20210528~DTM*233*20210528~DTM*050*20210531~AMT*AU*107.39~SVC*HC:90837:95*175*95.39~CAS*PR*3*12~CAS*CO*45*67.61~REF*6R*9281014819~AMT*B6*107.39~CLP*928543258*1*175*95.39*12*12*21152E0000280*11~NM1*QC*1*RIFE*ROBYN****MI*R000083705426~NM1*IL*1*RIFE*ROBERT****MI*R000083705426~NM1*82*1*WATERS*LORI*M***XX*1760854152~REF*CE*766~DTM*232*20210513~DTM*233*20210513~DTM*050*20210531~AMT*AU*107.39~SVC*HC:90837:95*175*95.39~CAS*PR*3*12~CAS*CO*45*67.61~REF*6R*9281014712~AMT*B6*107.39~CLP*928543272*1*90*61.32*6.81*12*21151E0000764*11~NM1*QC*1*MIYASHIRO*CHELSIE****MI*XLER000029417656~NM1*74*1***K***C*R000029417656~NM1*82*1*WATERS*LORI*M***XX*1760854152~REF*CE*562~DTM*232*20210517~DTM*233*20210517~DTM*050*20210530~AMT*AU*68.13~SVC*HC:90832:95*90*61.32~CAS*PR*2*6.81~CAS*CO*45*21.87~REF*6R*9281014738~AMT*B6*68.13~SE*276*0001~ST*835*0002~BPR*I*704.16*C*ACH*CCP*01*121301015*DA*01031503*1990040115**01*321370765*DA*81020-75433*20210608~TRN*1*1113805*1990040115~REF*F2*5.40~DTM*405*20210601~N1*PR*HAWAII MEDICAL SERVICE ASSOCIATION~N3*818 KEEAUMOKU ST~N4*HONOLULU*HI*96814~PER*BL*ETS*TE*8089486355~N1*PE*SERENITY COUNSELING SERVIC*XX*1588011043~REF*TJ*812344400~LX*1~CLP*928543275*1*150*119.33**HM*21151E0000284*11~NM1*QC*1*CARINIO*JASON****MI*HFPF000025476797~NM1*74*1***R***C*F000025476797~NM1*82*1*PLAYTER*AILEEN*T***XX*1013394097~REF*CE*087~DTM*232*20210517~DTM*233*20210517~DTM*050*20210530~AMT*AU*119.33~SVC*HC:90847:95*150*119.33~CAS*CO*45*30.67~REF*6R*9281014741~AMT*B6*119.33~CLP*928543322*1*150*119.33**HM*21151E0000792*11~NM1*QC*1*CARINIO*JASON****MI*HFPF000025476797~NM1*74*1***R***C*F000025476797~NM1*82*1*PLAYTER*AILEEN*T***XX*1013394097~REF*CE*087~DTM*232*20210525~DTM*233*20210525~DTM*050*20210530~AMT*AU*119.33~SVC*HC:90847:95*150*119.33~CAS*CO*45*30.67~REF*6R*9281014798~AMT*B6*119.33~CLP*689-1000*1*120*104.68**HM*21151E0004347*02~NM1*QC*1*LACISTE*REMY*TOSHIRO***MI*HFPF000028944288~NM1*IL*1*LACISTE*EDNELSON****MI*HFPF000028944288~NM1*74*1***J***C*F000028944288~NM1*82*1*LINARES*DAVID****XX*1699008045~REF*CE*087~DTM*232*20210516~DTM*233*20210516~DTM*050*20210530~AMT*AU*104.68~SVC*HC:90834:95*120*104.68~CAS*CO*45*15.32~REF*6R*591689-1000~AMT*B6*104.68~CLP*928543219*1*175*112.45**HM*21152E0000024*11~NM1*QC*1*LEE*CRISLE****MI*F000030594360~NM1*IL*1*LEE*CRISLE****MI*F000030594360~NM1*74*1**DARRIN*S~NM1*82*1*MATSUMOTO*NATALIA*A***XX*1427398312~REF*CE*087~DTM*232*20210508~DTM*233*20210508~DTM*050*20210531~AMT*AU*112.45~SVC*HC:90837:95*175*112.45~CAS*CO*45*62.55~REF*6R*9281014650~AMT*B6*112.45~CLP*928543201*1*190*135.92**HM*21152E0000081*11~NM1*QC*1*LEE*CRISLE****MI*F000030594360~NM1*IL*1*LEE*CRISLE****MI*F000030594360~NM1*74*1**DARRIN*S~NM1*82*1*MATSUMOTO*NATALIA*A***XX*1427398312~REF*CE*087~DTM*232*20210424~DTM*233*20210424~DTM*050*20210531~AMT*AU*135.92~SVC*HC:90791:95*190*135.92~CAS*CO*45*54.08~REF*6R*9281014627~AMT*B6*135.92~CLP*928543213*1*175*112.45**HM*21152E0000335*11~NM1*QC*1*DRAGNA*MIKELLA****MI*HFPF000026496935~NM1*IL*1*DRAGNA*GINGER****MI*HFPF000026496935~NM1*74*1***L***C*F000026496935~NM1*82*1*MATSUMOTO*NATALIA*A***XX*1427398312~REF*CE*087~DTM*232*20210502~DTM*233*20210502~DTM*050*20210531~AMT*AU*112.45~SVC*HC:90837:95*175*112.45~CAS*CO*45*62.55~REF*6R*9281014643~AMT*B6*112.45~SE*95*0002~GE*2*839847871~IEA*1*839847871~