ISA*00*          *00*          *ZZ*330897513      *ZZ*MEDBOSSC       *210817*0713*^*00501*862196919*0*P*:~GS*HP*330897513*MEDBOSSC*20210817*0713*862196919*X*005010X221A1~ST*835*0001~BPR*H*0*C*NON************20210817~TRN*1*R88010816006608*1571132733*000000000~REF*EV*7GW0013CA3~REF*F2*1588011043    R88010816006608~DTM*405*20210816~N1*PR*PGBA,LLC~N3*TRICARE WEST REGION CLAIMS*P.O. BOX 202112~N4*FLORENCE*SC*295022112~PER*CX*TRICARE WEST REGION CLAIMS CORRESPONDENCE*TE*8448669378~PER*BL*TRICARE ELECTRONIC CLAIMS SERVICE CENTER*TE*8003255920~N1*PE*SERENITY COUNSELING SERVICES H*XX*1588011043~N3*SUITE 201*99-149 MOANALUA RD~N4*AIEA*HI*96701~REF*TJ*812344400~LX*1~CLP*92890644*1*190*0**CH*H224X12FV0000*11*1~NM1*QC*1*ALLEN*LETICIA*N***HN*92890644~NM1*82*1*PLAYTER*AILEEN*T***XX*1013394097~REF*1H*575843780~DTM*050*20210812~SVC*HC:90791:95*190*0~DTM*472*20201005~CAS*CO*18*190~REF*6R*928168215~LQ*HE*N522~LX*2~CLP*928387052*1*120*0**CH*H224X12FW0000*11*1~NM1*QC*1*ALLEN*LETICIA*N***HN*928387052~NM1*82*1*PLAYTER*AILEEN*T***XX*1013394097~REF*1H*575843780~DTM*050*20210812~SVC*HC:90834:95*120*0~DTM*472*20210209~CAS*CO*18*120~REF*6R*928744593~LQ*HE*N522~LX*3~CLP*928385151*1*120*0**CH*H224X12FX0000*11*1~NM1*QC*1*ALLEN*LETICIA*N***HN*928385151~NM1*82*1*PLAYTER*AILEEN*T***XX*1013394097~REF*1H*575843780~DTM*050*20210812~SVC*HC:90834:95*120*0~DTM*472*20210222~CAS*CO*18*120~REF*6R*928741217~LQ*HE*N522~LX*4~CLP*928392703*1*120*0**CH*H224X12FY0000*11*1~NM1*QC*1*ALLEN*LETICIA*N***HN*928392703~NM1*82*1*PLAYTER*AILEEN*T***XX*1013394097~REF*1H*575843780~DTM*050*20210812~SVC*HC:90834:95*120*0~DTM*472*20210305~CAS*CO*18*120~REF*6R*928754538~LQ*HE*N522~LX*5~CLP*928393848*1*175*0**CH*H224X12FZ0000*11*1~NM1*QC*1*ALLEN*LETICIA*N***HN*928393848~NM1*82*1*PLAYTER*AILEEN*T***XX*1013394097~REF*1H*575843780~DTM*050*20210812~SVC*HC:90837:95*175*0~DTM*472*20210312~CAS*CO*18*175~REF*6R*928756350~LQ*HE*N522~LX*6~CLP*928447617*1*90*0**CH*H224X12G00000*11*1~NM1*QC*1*ALLEN*LETICIA*N***HN*928447617~NM1*82*1*PLAYTER*AILEEN*T***XX*1013394097~REF*1H*575843780~DTM*050*20210812~SVC*HC:90832:95*90*0~DTM*472*20210325~CAS*CO*18*90~REF*6R*928849101~LQ*HE*N522~LX*7~CLP*928387385*1*120*0**CH*H224X12G10000*11*1~NM1*QC*1*ELLIS*NICHOLAS*A***HN*928387385~NM1*82*1*FERREIRA*LORI****XX*1811143126~REF*1H*576766277~DTM*050*20210812~SVC*HC:90834:95*120*0~DTM*472*20210210~CAS*CO*18*120~REF*6R*928745410~LQ*HE*N522~LX*8~CLP*928382313*1*120*0**CH*H224X12G20000*11*1~NM1*QC*1*ELLIS*NICHOLAS*A***HN*928382313~NM1*82*1*FERREIRA*LORI****XX*1811143126~REF*1H*576766277~DTM*050*20210812~SVC*HC:90834:95*120*0~DTM*472*20210224~CAS*CO*18*120~REF*6R*928735401~LQ*HE*N522~SE*104*0001~GE*1*862196919~IEA*1*862196919~