ISA*00*          *00*          *ZZ*330897513      *ZZ*MEDBOSSC       *210701*0244*^*00501*847575780*0*P*:~GS*HP*330897513*MEDBOSSC*20210701*0244*847575780*X*005010X221A1~ST*835*0001~BPR*H*0*C*NON************20210706~TRN*1*8038474*1990040115~N1*PR*HAWAII MEDICAL SERVICE ASSOCIATION~N3*P.O. BOX 1346~N4*HONOLULU*HI*96807~PER*BL*ETS*TE*8089486355~N1*PE*SERENITY COUNSELING SERVICES HAWAII*XX*1588011043~N3*10641 WINDSMOUNT CT~N4*LEHIGH ACRES*FL*33936~REF*TJ*812344400~LX*1~CLP*559-223*1*120*0**12*F11179452761~NM1*QC*1*THOMAS*SARAH*E***MI*R60652621~NM1*IL*1*THOMAS*SARAH*E***MI*R60652621~NM1*82*1*LINARES*DAVID****XX*1699008045~DTM*232*20210412~AMT*AU*120~SVC*HC:90834:95*120*0~CAS*OA*18*120~REF*6R*219559-223~AMT*B6*104.68~LQ*HE*N522~SE*24*0001~ST*835*0002~BPR*I*1439.68*C*ACH*CCP*01*121301015*DA*01076140*1990040115**01*321370765*DA*8102075433*20210701~TRN*1*1978499*1990040115~REF*F2*5.40~DTM*405*20210628~N1*PR*HAWAII MEDICAL SERVICE ASSOCIATION~N3*818 KEEAUMOKU ST~N4*HONOLULU*HI*96814~PER*BL*ETS*TE*8089486355~N1*PE*SERENITY COUNSELING SERVICES HAWAII LLC*XX*1588011043~REF*TJ*812344400~LX*1~CLP*928281026*1*120*56.25**MC*21170E000003*11~NM1*QC*1*BRONIOLA*DEBORA****MI*0000672360~NM1*82*2*FERREIRA*****XX*1811143126~NM1*PR*2*MEDICARE B ONLY (25)*****PI*QCR0000000210~DTM*232*20210107~DTM*233*20210107~DTM*050*20210618~AMT*AU*56.25~SVC*HC:90834:95*120*56.25~CAS*CO*45*63.75~REF*6R*928540269~AMT*B6*56.25~CLP*928444116*1*175*82.57**MC*21170E000009*11~NM1*QC*1*BRONIOLA*DEBORA****MI*0000672360~NM1*82*1*WATERS*LORI*M***XX*1760854152~NM1*PR*2*MEDICARE B ONLY (25)*****PI*QCR0000000210~DTM*232*20210310~DTM*233*20210310~DTM*050*20210618~AMT*AU*82.57~SVC*HC:90837*175*82.57~CAS*CO*45*92.43~REF*6R*928843423~AMT*B6*82.57~CLP*928392410*1*175*82.57**MC*21170E000038*11~NM1*QC*1*BRONIOLA*DEBORA****MI*0000672360~NM1*82*1*WATERS*LORI*M***XX*1760854152~NM1*PR*2*MEDICARE B ONLY (25)*****PI*QCR0000000210~DTM*232*20210303~DTM*233*20210303~DTM*050*20210618~AMT*AU*82.57~SVC*HC:90837:95*175*82.57~CAS*CO*45*92.43~REF*6R*928754048~AMT*B6*82.57~CLP*928388563*1*175*82.57**MC*21170E000043*11~NM1*QC*1*BRONIOLA*DEBORA****MI*0000672360~NM1*82*1*WATERS*LORI*M***XX*1760854152~NM1*PR*2*MEDICARE B ONLY (25)*****PI*QCR0000000210~DTM*232*20210217~DTM*233*20210217~DTM*050*20210618~AMT*AU*82.57~SVC*HC:90837*175*82.57~CAS*CO*45*92.43~REF*6R*928747599~AMT*B6*82.57~CLP*928214558*1*120*56.25**MC*21170E000052*11~NM1*QC*1*BRONIOLA*DEBORA****MI*0000672360~NM1*82*1*BOJANOWSKI*JENNIFER*D***XX*1699007427~NM1*PR*2*MEDICARE B ONLY (25)*****PI*QCR0000000210~DTM*232*20201210~DTM*233*20201210~DTM*050*20210618~AMT*AU*56.25~SVC*HC:90834:95*120*56.25~CAS*CO*45*63.75~REF*6R*928414648~AMT*B6*56.25~CLP*928437716*1*175*82.57**MC*21170E000068*11~NM1*QC*1*BRONIOLA*DEBORA****MI*0000672360~NM1*82*1*WATERS*LORI*M***XX*1760854152~NM1*PR*2*MEDICARE B ONLY (25)*****PI*QCR0000000210~DTM*232*20210331~DTM*233*20210331~DTM*050*20210618~AMT*AU*82.57~SVC*HC:90837:95*175*82.57~CAS*CO*45*92.43~REF*6R*928832444~AMT*B6*82.57~CLP*928444435*1*175*82.57**MC*21170E000170*11~NM1*QC*1*BRONIOLA*DEBORA****MI*0000672360~NM1*82*1*WATERS*LORI*M***XX*1760854152~NM1*PR*2*MEDICARE B ONLY (25)*****PI*QCR0000000210~DTM*232*20210317~DTM*233*20210317~DTM*050*20210618~AMT*AU*82.57~SVC*HC:90837*175*82.57~CAS*CO*45*92.43~REF*6R*928843977~AMT*B6*82.57~CLP*928374635*1*175*82.57**MC*21170E000196*11~NM1*QC*1*BRONIOLA*DEBORA****MI*0000672360~NM1*82*1*WATERS*LORI*M***XX*1760854152~NM1*PR*2*MEDICARE B ONLY (25)*****PI*QCR0000000210~DTM*232*20210224~DTM*233*20210224~DTM*050*20210618~AMT*AU*82.57~SVC*HC:90837:95*175*82.57~CAS*CO*45*92.43~REF*6R*928720694~AMT*B6*82.57~CLP*928197434*1*175*82.57**MC*21170E000255*11~NM1*QC*1*BRONIOLA*DEBORA****MI*0000672360~NM1*82*1*BOJANOWSKI*JENNIFER*D***XX*1699007427~NM1*PR*2*MEDICARE B ONLY (25)*****PI*QCR0000000210~DTM*232*20201119~DTM*233*20201119~DTM*050*20210618~AMT*AU*82.57~SVC*HC:90837:95*175*82.57~CAS*CO*45*92.43~REF*6R*928381878~AMT*B6*82.57~CLP*928292151*1*120*56.25**MC*21170E000259*11~NM1*QC*1*BRONIOLA*DEBORA****MI*0000672360~NM1*82*2*FERREIRA*****XX*1811143126~NM1*PR*2*MEDICARE B ONLY (25)*****PI*QCR0000000210~DTM*232*20210121~DTM*233*20210121~DTM*050*20210618~AMT*AU*56.25~SVC*HC:90834:95*120*56.25~CAS*CO*45*63.75~REF*6R*928562401~AMT*B6*56.25~CLP*928209003*1*120*56.25**MC*21170E000324*11~NM1*QC*1*BRONIOLA*DEBORA****MI*0000672360~NM1*82*1*BOJANOWSKI*JENNIFER*D***XX*1699007427~NM1*PR*2*MEDICARE B ONLY (25)*****PI*QCR0000000210~DTM*232*20201203~DTM*233*20201203~DTM*050*20210618~AMT*AU*56.25~SVC*HC:90834:95*120*56.25~CAS*CO*45*63.75~REF*6R*928404064~AMT*B6*56.25~CLP*928284813*1*120*56.25**MC*21170E000446*11~NM1*QC*1*BRONIOLA*DEBORA****MI*0000672360~NM1*82*1*BOJANOWSKI*JENNIFER*D***XX*1699007427~NM1*PR*2*MEDICARE B ONLY (25)*****PI*QCR0000000210~DTM*232*20201217~DTM*233*20201217~DTM*050*20210618~AMT*AU*56.25~SVC*HC:90834*120*56.25~CAS*CO*45*63.75~REF*6R*928547632~AMT*B6*56.25~CLP*928444071*1*190*0**MC*21170E000386*11~NM1*QC*1*PIERIS*SENECA****MI*0000595311~NM1*82*2*MATSUMOTO*****XX*1427398312~NM1*PR*2*OTHER (98)*****PI*QCR0000000238~DTM*232*20210307~DTM*233*20210307~DTM*050*20210618~SVC*HC:90791:95*190*0~CAS*CO*252*190~REF*6R*928843377~LQ*HE*N4~CLP*928444138*1*120*0**MC*21170E000449*11~NM1*QC*1*PIERIS*SENECA****MI*0000595311~NM1*82*2*MATSUMOTO*****XX*1427398312~NM1*PR*2*OTHER (98)*****PI*QCR0000000238~DTM*232*20210313~DTM*233*20210313~DTM*050*20210618~SVC*HC:90834:95*120*0~CAS*CO*252*120~REF*6R*928843461~LQ*HE*N4~CLP*928444164*1*120*0**MC*21173E000880*11~NM1*QC*1*ONG*DINHTAI****MI*0000640266~NM1*74*1***T~NM1*82*1*RIBEIRO*MICHELLE*R***XX*1164054391~DTM*232*20210320~DTM*233*20210320~DTM*050*20210622~SVC*HC:90834:95*120*0~CAS*CO*45*120~REF*6R*928843500~LQ*HE*N130~CLP*928392873*1*190*0**MC*21173E000899*11~NM1*QC*1*STEWART*STACEY****MI*0002147386~NM1*74*1***R~NM1*82*2*PLAYTER*****XX*1013394097~DTM*232*20210309~DTM*233*20210309~DTM*050*20210622~SVC*HC:90791:95*190*0~CAS*OA*18*190~REF*6R*928754765~LQ*HE*N522~CLP*928524239*1*175*0**MC*21173E000924*11~NM1*QC*1*STEWART*STACEY****MI*0002147386~NM1*74*1***R~NM1*82*2*PLAYTER*****XX*1013394097~DTM*232*20210518~DTM*233*20210518~DTM*050*20210622~SVC*HC:90837:95*175*0~CAS*OA*18*175~REF*6R*928981049~LQ*HE*N522~CLP*928448404*1*175*0**MC*21173E000987*11~NM1*QC*1*STEWART*STACEY****MI*0002147386~NM1*74*1***R~NM1*82*2*PLAYTER*****XX*1013394097~DTM*232*20210405~DTM*233*20210405~DTM*050*20210622~SVC*HC:90837:95*175*0~CAS*OA*18*175~REF*6R*928850353~LQ*HE*N522~CLP*928440996*1*120*0**MC*21173E000988*11~NM1*QC*1*SHARP*LEIGHANNE****MI*0000376591~NM1*74*1***C~NM1*82*2*FERREIRA*****XX*1811143126~DTM*232*20210301~DTM*233*20210301~DTM*050*20210622~SVC*HC:90834:95*120*0~CAS*OA*18*120~REF*6R*928843388~LQ*HE*N522~CLP*928382348*1*175*0**MC*21173E000996*11~NM1*QC*1*MIGLIORI*STEFFANI****MI*0002504956~NM1*74*1***B~NM1*82*2*PLAYTER*****XX*1013394097~DTM*232*20210223~DTM*233*20210223~DTM*050*20210622~SVC*HC:90837:95*175*0~CAS*OA*18*175~REF*6R*928735445~LQ*HE*N522~CLP*928385528*1*190*0**MC*21173E001011*11~NM1*QC*1*KAOPUAMEDEIROS*BRAYLEEN****MI*0000848541~NM1*74*1***K~NM1*82*1*WATERS*LORI*M***XX*1760854152~DTM*232*20210218~DTM*233*20210218~DTM*050*20210622~SVC*HC:90791:95*190*0~CAS*OA*18*190~REF*6R*928741835~LQ*HE*N522~CLP*928222071*1*120*0**MC*21173E001012*11~NM1*QC*1*ONG*DINHTAI****MI*0000640266~NM1*74*1***T~NM1*82*1*RIBEIRO*MICHELLE*R***XX*1164054391~REF*F8*21056E000746~DTM*232*20201205~DTM*233*20201205~DTM*050*20210622~SVC*HC:90834:95*120*0~CAS*CO*45*120~REF*6R*928428231~LQ*HE*N130~CLP*928374293*1*175*0**MC*21173E001014*11~NM1*QC*1*MIGLIORI*STEFFANI****MI*0002504956~NM1*74*1***B~NM1*82*2*PLAYTER*****XX*1013394097~DTM*232*20210209~DTM*233*20210209~DTM*050*20210622~SVC*HC:90837:95*175*0~CAS*OA*18*175~REF*6R*928720178~LQ*HE*N522~CLP*928448378*1*175*0**MC*21173E001015*11~NM1*QC*1*MIGLIORI*STEFFANI****MI*0002504956~NM1*74*1***B~NM1*82*2*PLAYTER*****XX*1013394097~DTM*232*20210412~DTM*233*20210412~DTM*050*20210622~SVC*HC:90837:95*175*0~CAS*OA*18*175~REF*6R*928850312~LQ*HE*N522~CLP*928444086*1*120*0**MC*21173E001023*11~NM1*QC*1*SHARP*LEIGHANNE****MI*0000376591~NM1*74*1***C~NM1*82*2*FERREIRA*****XX*1811143126~DTM*232*20210308~DTM*233*20210308~DTM*050*20210622~SVC*HC:90834:95*120*0~CAS*OA*18*120~REF*6R*928843397~LQ*HE*N522~CLP*928491443*1*120*0**MC*21173E001024*11~NM1*QC*1*SHARP*LEIGHANNE****MI*0000376591~NM1*74*1***C~NM1*82*2*FERREIRA*****XX*1811143126~DTM*232*20210428~DTM*233*20210428~DTM*050*20210622~SVC*HC:90834:95*120*0~CAS*OA*18*120~REF*6R*928924856~LQ*HE*N522~CLP*928447515*1*120*0**MC*21173E001047*11~NM1*QC*1*SHARP*LEIGHANNE****MI*0000376591~NM1*74*1***C~NM1*82*2*FERREIRA*****XX*1811143126~DTM*232*20210325~DTM*233*20210325~DTM*050*20210622~SVC*HC:90834:95*120*0~CAS*OA*18*120~REF*6R*928848954~LQ*HE*N522~CLP*928388497*1*120*0**MC*21173E001051*11~NM1*QC*1*SHARP*LEIGHANNE****MI*0000376591~NM1*74*1***C~NM1*82*2*FERREIRA*****XX*1811143126~DTM*232*20210215~DTM*233*20210215~DTM*050*20210622~SVC*HC:90834:95*120*0~CAS*OA*18*120~REF*6R*928747486~LQ*HE*N522~CLP*928447585*1*175*0**MC*21173E001053*11~NM1*QC*1*STEWART*STACEY****MI*0002147386~NM1*74*1***R~NM1*82*2*PLAYTER*****XX*1013394097~DTM*232*20210329~DTM*233*20210329~DTM*050*20210622~SVC*HC:90837:95*175*0~CAS*OA*18*175~REF*6R*928849064~LQ*HE*N522~CLP*928374272*1*120*0**MC*21173E001054*11~NM1*QC*1*SHARP*LEIGHANNE****MI*0000376591~NM1*74*1***C~NM1*82*2*FERREIRA*****XX*1811143126~DTM*232*20210208~DTM*233*20210208~DTM*050*20210622~SVC*HC:90834:95*120*0~CAS*OA*18*120~REF*6R*928747481~LQ*HE*N522~CLP*928393012*4*175*0**MC*21173E001072*11~NM1*QC*1*BIRKETT*BODHI****MI*0002201476~NM1*74*1*UNRECOGNIZED*MEMBER NUMBER****C*8888888888~NM1*82*1*WATERS*LORI*M***XX*1760854152~DTM*232*20210311~DTM*233*20210311~DTM*050*20210622~SVC*HC:90837:95*175*0~CAS*CO*140*175~REF*6R*928754949~CLP*928543310*1*175*0**MC*21173E001101*11~NM1*QC*1*STEWART*STACEY****MI*0002147386~NM1*74*1***R~NM1*82*2*PLAYTER*****XX*1013394097~DTM*232*20210525~DTM*233*20210525~DTM*050*20210622~SVC*HC:90837:95*175*0~CAS*OA*18*175~REF*6R*9281014786~LQ*HE*N522~CLP*928385504*1*120*0**MC*21173E001116*11~NM1*QC*1*ONG*DINHTAI****MI*0000640266~NM1*74*1***T~NM1*82*1*RIBEIRO*MICHELLE*R***XX*1164054391~DTM*232*20210213~DTM*233*20210213~DTM*050*20210622~SVC*HC:90834:95*120*0~CAS*CO*45*120~REF*6R*928741771~LQ*HE*N130~CLP*928437635*4*120*0**MC*21173E001131*11~NM1*QC*1*BIRKETT*RYAN****MI*0002201476~NM1*74*1*UNRECOGNIZED*MEMBER NUMBER****C*8888888888~NM1*82*2*MATSUMOTO*****XX*1427398312~DTM*232*20210213~DTM*233*20210213~DTM*050*20210622~SVC*HC:90834:95*120*0~CAS*CO*140*120~REF*6R*928832282~CLP*928448489*1*175*0**MC*21173E001134*11~NM1*QC*1*STEWART*STACEY****MI*0002147386~NM1*74*1***R~NM1*82*2*PLAYTER*****XX*1013394097~DTM*232*20210412~DTM*233*20210412~DTM*050*20210622~SVC*HC:90837:95*175*0~CAS*OA*18*175~REF*6R*928850472~LQ*HE*N522~CLP*928447744*1*175*0**MC*21173E001142*11~NM1*QC*1*KAWELO*JORDANKYA****MI*0000636599~NM1*74*1**JORDANKYA**M~NM1*82*1*WATERS*LORI*M***XX*1760854152~DTM*232*20210325~DTM*233*20210325~DTM*050*20210622~SVC*HC:90837:95*175*0~CAS*OA*18*175~REF*6R*928849304~LQ*HE*N522~CLP*928495084*1*175*0**MC*21173E001143*11~NM1*QC*1*STEWART*STACEY****MI*0002147386~NM1*74*1***R~NM1*82*2*PLAYTER*****XX*1013394097~DTM*232*20210504~DTM*233*20210504~DTM*050*20210622~SVC*HC:90837:95*175*0~CAS*OA*18*175~REF*6R*928930568~LQ*HE*N522~CLP*928530244*1*190*100**MC*21173E001149*11~NM1*QC*1*SLOAN*WILSON****MI*0002361550~NM1*82*2*MATSUMOTO*****XX*1427398312~DTM*232*20210424~DTM*233*20210424~DTM*050*20210622~AMT*AU*100~SVC*HC:90791:95*190*100~CAS*CO*45*90~REF*6R*5523451150~AMT*B6*100~CLP*928392998*1*190*0**MC*21173E001157*11~NM1*QC*1*KAOPUAMEDEIROS*BRAYLEEN****MI*0000848541~NM1*74*1***K~NM1*82*1*WATERS*LORI*M***XX*1760854152~DTM*232*20210311~DTM*233*20210311~DTM*050*20210622~SVC*HC:90791:95*190*0~CAS*OA*18*190~REF*6R*928754927~LQ*HE*N522~CLP*928466012*1*175*0**MC*21173E001182*11~NM1*QC*1*STEWART*STACEY****MI*0002147386~NM1*74*1***R~NM1*82*2*PLAYTER*****XX*1013394097~DTM*232*20210420~DTM*233*20210420~DTM*050*20210622~SVC*HC:90837:95*175*0~CAS*OA*18*175~REF*6R*928881104~LQ*HE*N522~CLP*928481855*1*90*0**MC*21173E001187*11~NM1*QC*1*KAWELO*JORDANKYA****MI*0000636599~NM1*74*1**JORDANKYA**M~NM1*82*1*WATERS*LORI*M***XX*1760854152~DTM*232*20210420~DTM*233*20210420~DTM*050*20210622~SVC*HC:90832:95*90*0~CAS*OA*18*90~REF*6R*928908011~LQ*HE*N522~CLP*5654819007*1*190*0**MC*21173E001203*11~NM1*QC*1*ONG*DINHTAI****MI*0000640266~NM1*74*1***T~NM1*82*1*RIBEIRO*MICHELLE*R***XX*1164054391~DTM*232*20200718~DTM*233*20200718~DTM*050*20210622~SVC*HC:90791:95*190*0~CAS*OA*18*190~REF*6R*56530701560~LQ*HE*N522~CLP*928488187*1*175*0**MC*21173E001207*11~NM1*QC*1*STEWART*STACEY****MI*0002147386~NM1*74*1***R~NM1*82*2*PLAYTER*****XX*1013394097~DTM*232*20210427~DTM*233*20210427~DTM*050*20210622~SVC*HC:90837:95*175*0~CAS*OA*18*175~REF*6R*928919150~LQ*HE*N522~CLP*928392828*1*90*0**MC*21173E001215*11~NM1*QC*1*MIGLIORI*STEFFANI****MI*0002504956~NM1*74*1***B~NM1*82*2*PLAYTER*****XX*1013394097~DTM*232*20210308~DTM*233*20210308~DTM*050*20210622~SVC*HC:90832:95*90*0~CAS*OA*18*90~REF*6R*928754723~LQ*HE*N522~CLP*92818166*1*190*0**MC*21173E001300*11~NM1*QC*1*ONG*DINHTAI****MI*0000640266~NM1*74*1***T~NM1*82*1*RIBEIRO*MICHELLE*R***XX*1164054391~DTM*232*20200815~DTM*233*20200815~DTM*050*20210622~SVC*HC:90791:95*190*0~CAS*OA*18*190~REF*6R*92826359~LQ*HE*N522~SVC*HC:3085F:95*0*0~REF*6R*5522827256~CLP*928392714*1*120*0**MC*21173E001301*11~NM1*QC*1*ONG*DINHTAI****MI*0000640266~NM1*74*1***T~NM1*82*1*RIBEIRO*MICHELLE*R***XX*1164054391~DTM*232*20210306~DTM*233*20210306~DTM*050*20210622~SVC*HC:90834:95*120*0~CAS*CO*45*120~REF*6R*928754555~LQ*HE*N130~CLP*928519221*1*120*0**MC*21173E001302*11~NM1*QC*1*ONG*DINHTAI****MI*0000640266~NM1*74*1***T~NM1*82*1*RIBEIRO*MICHELLE*R***XX*1164054391~DTM*232*20210508~DTM*233*20210508~DTM*050*20210622~SVC*HC:90834:95*120*0~CAS*CO*45*120~REF*6R*928972674~LQ*HE*N130~CLP*928392690*1*120*0**MC*21173E001306*11~NM1*QC*1*MIGLIORI*STEFFANI****MI*0002504956~NM1*74*1***B~NM1*82*2*PLAYTER*****XX*1013394097~DTM*232*20210305~DTM*233*20210305~DTM*050*20210622~SVC*HC:90834:95*120*0~CAS*OA*18*120~REF*6R*928754520~LQ*HE*N522~CLP*928444270*1*175*0**MC*21173E001308*11~NM1*QC*1*STEWART*STACEY****MI*0002147386~NM1*74*1***R~NM1*82*2*PLAYTER*****XX*1013394097~DTM*232*20210316~DTM*233*20210316~DTM*050*20210622~SVC*HC:90837:95*175*0~CAS*OA*18*175~REF*6R*928843694~LQ*HE*N522~CLP*928392288*1*175*0**MC*21173E001312*11~NM1*QC*1*MIGLIORI*STEFFANI****MI*0002504956~NM1*74*1***B~NM1*82*2*PLAYTER*****XX*1013394097~DTM*232*20210302~DTM*233*20210302~DTM*050*20210622~SVC*HC:90837:95*175*0~CAS*OA*18*175~REF*6R*928753862~LQ*HE*N522~CLP*928488180*1*120*0**MC*21173E001317*11~NM1*QC*1*ONG*DINHTAI****MI*0000640266~NM1*74*1***T~NM1*82*1*RIBEIRO*MICHELLE*R***XX*1164054391~DTM*232*20210424~DTM*233*20210424~DTM*050*20210622~SVC*HC:90834:95*120*0~CAS*CO*45*120~REF*6R*928919143~LQ*HE*N130~CLP*928444169*1*120*0**MC*21173E001322*11~NM1*QC*1*ONG*DINHTAI****MI*0000640266~NM1*74*1***T~NM1*82*1*RIBEIRO*MICHELLE*R***XX*1164054391~DTM*232*20210410~DTM*233*20210410~DTM*050*20210622~SVC*HC:90834:95*120*0~CAS*CO*45*120~REF*6R*928843506~LQ*HE*N130~CLP*928388508*1*175*0**MC*21173E001345*11~NM1*QC*1*KAWELO*JORDANKYA****MI*0000636599~NM1*74*1**JORDANKYA**M~NM1*82*1*WATERS*LORI*M***XX*1760854152~DTM*232*20210215~DTM*233*20210215~DTM*050*20210622~SVC*HC:90837:95*175*0~CAS*OA*18*175~REF*6R*928747511~LQ*HE*N522~CLP*928529424*1*175*0**MC*21173E001346*11~NM1*QC*1*STEWART*STACEY****MI*0002147386~NM1*74*1***R~NM1*82*2*PLAYTER*****XX*1013394097~DTM*232*20210511~DTM*233*20210511~DTM*050*20210622~SVC*HC:90837:95*175*0~CAS*OA*18*175~REF*6R*928989913~LQ*HE*N522~CLP*928447457*1*175*0**MC*21173E001347*11~NM1*QC*1*MIGLIORI*STEFFANI****MI*0002504956~NM1*74*1***B~NM1*82*2*PLAYTER*****XX*1013394097~DTM*232*20210330~DTM*233*20210330~DTM*050*20210622~SVC*HC:90837:95*175*0~CAS*OA*18*175~REF*6R*928848875~LQ*HE*N522~CLP*928488175*1*175*0**MC*21173E001348*11~NM1*QC*1*KAWELO*JORDANKYA****MI*0000636599~NM1*74*1**JORDANKYA**M~NM1*82*1*WATERS*LORI*M***XX*1760854152~DTM*232*20210426~DTM*233*20210426~DTM*050*20210622~SVC*HC:90837:95*175*0~CAS*OA*18*175~REF*6R*928919138~LQ*HE*N522~CLP*928471089*1*120*0**MC*21173E001355*11~NM1*QC*1*SHARP*LEIGHANNE****MI*0000376591~NM1*74*1***C~NM1*82*2*FERREIRA*****XX*1811143126~DTM*232*20210414~DTM*233*20210414~DTM*050*20210622~SVC*HC:90834:95*120*0~CAS*OA*18*120~REF*6R*928890137~LQ*HE*N522~CLP*928388080*1*190*0**MC*21173E001386*11~NM1*QC*1*VEALE*DONOVAN****MI*0001111988~NM1*74*1***J~NM1*82*1*WATERS*LORI*M***XX*1760854152~DTM*232*20210211~DTM*233*20210211~DTM*050*20210622~SVC*HC:90791:95*190*0~CAS*OA*18*190~REF*6R*928746626~LQ*HE*N522~CLP*928392419*4*190*0**MC*21173E001429*11~NM1*QC*1*BIRKETT*BODHI****MI*0002201476~NM1*74*1*UNRECOGNIZED*MEMBER NUMBER****C*8888888888~NM1*82*1*WATERS*LORI*M***XX*1760854152~DTM*232*20210303~DTM*233*20210303~DTM*050*20210622~SVC*HC:90791:95*190*0~CAS*CO*140*190~REF*6R*928754060~CLP*928448554*1*175*0**MC*21173E001435*11~NM1*QC*1*MIGLIORI*STEFFANI****MI*0002504956~NM1*74*1***B~NM1*82*2*PLAYTER*****XX*1013394097~DTM*232*20210406~DTM*233*20210406~DTM*050*20210622~SVC*HC:90837:95*175*0~CAS*OA*18*175~REF*6R*928850562~LQ*HE*N522~CLP*928385533*1*175*0**MC*21173E001442*11~NM1*QC*1*VEALE*DONOVAN****MI*0001111988~NM1*74*1***J~NM1*82*1*WATERS*LORI*M***XX*1760854152~DTM*232*20210218~DTM*233*20210218~DTM*050*20210622~SVC*HC:90837:95*175*0~CAS*OA*18*175~REF*6R*928746625~LQ*HE*N522~CLP*928388658*1*175*0**MC*21173E001444*11~NM1*QC*1*MIGLIORI*STEFFANI****MI*0002504956~NM1*74*1***B~NM1*82*2*PLAYTER*****XX*1013394097~DTM*232*20210216~DTM*233*20210216~DTM*050*20210622~SVC*HC:90837:95*175*0~CAS*OA*18*175~REF*6R*928747782~LQ*HE*N522~CLP*928392698*4*190*0**MC*21173E001493*11~NM1*QC*1*BIRKETT*RYAN****MI*0002201476~NM1*74*1*UNRECOGNIZED*MEMBER NUMBER****C*8888888888~NM1*82*2*PLAYTER*****XX*1013394097~DTM*232*20210305~DTM*233*20210305~DTM*050*20210622~SVC*HC:90791:95*190*0~CAS*CO*140*190~REF*6R*928754532~CLP*928488173*1*120*0**MC*21174E000348*11~NM1*QC*1*KAIO*JAYME****MI*0000879036~NM1*74*1***V~NM1*82*2*FERREIRA*****XX*1811143126~DTM*232*20210426~DTM*233*20210426~DTM*050*20210622~SVC*HC:90834:95*120*0~CAS*OA*18*120~REF*6R*928919136~LQ*HE*N522~CLP*928447213*1*120*0**MC*21174E000418*11~NM1*QC*1*KAIO*JAYME****MI*0000879036~NM1*74*1***V~NM1*82*2*FERREIRA*****XX*1811143126~DTM*232*20210320~DTM*233*20210320~DTM*050*20210622~SVC*HC:90834:95*120*0~CAS*OA*18*120~REF*6R*928848516~LQ*HE*N522~CLP*928387042*1*120*0**MC*21174E000484*11~NM1*QC*1*KAIO*JAYME****MI*0000879036~NM1*74*1***V~NM1*82*2*FERREIRA*****XX*1811143126~DTM*232*20210220~DTM*233*20210220~DTM*050*20210622~SVC*HC:90834:95*120*0~CAS*OA*18*120~REF*6R*928744583~LQ*HE*N522~CLP*928470899*1*120*0**MC*21174E000499*11~NM1*QC*1*KAIO*JAYME****MI*0000879036~NM1*74*1***V~NM1*82*2*FERREIRA*****XX*1811143126~DTM*232*20210403~DTM*233*20210403~DTM*050*20210622~SVC*HC:90834:95*120*0~CAS*OA*18*120~REF*6R*928889809~LQ*HE*N522~CLP*928452978*4*120*0**MC*21176E000165*11~NM1*QC*1*KAHAPEA*JONAH****MI*0002624332~NM1*74*1*UNRECOGNIZED*MEMBER NUMBER****C*8888888888~NM1*82*2*FERREIRA*****XX*1811143126~DTM*232*20210329~DTM*233*20210329~DTM*050*20210624~SVC*HC:90834:95*120*0~CAS*CO*140*120~REF*6R*928857761~CLP*928278144*4*120*0**MC*21176E000166*11~NM1*QC*1*KAHAPEA*JONAH****MI*0002624332~NM1*74*1*UNRECOGNIZED*MEMBER NUMBER****C*8888888888~NM1*82*2*FERREIRA*****XX*1811143126~DTM*232*20210114~DTM*233*20210114~DTM*050*20210624~SVC*HC:90834:95*120*0~CAS*CO*140*120~REF*6R*928535183~CLP*928373867*4*120*0**MC*21176E000169*11~NM1*QC*1*KAHAPEA*JONAH****MI*0002624332~NM1*74*1*UNRECOGNIZED*MEMBER NUMBER****C*8888888888~NM1*82*2*FERREIRA*****XX*1811143126~DTM*232*20210204~DTM*233*20210204~DTM*050*20210624~SVC*HC:90834:95*120*0~CAS*CO*140*120~REF*6R*928719383~CLP*928459355*4*120*0**MC*21176E000173*11~NM1*QC*1*KAHAPEA*JONAH****MI*0002624332~NM1*74*1*UNRECOGNIZED*MEMBER NUMBER****C*8888888888~NM1*82*2*FERREIRA*****XX*1811143126~DTM*232*20210311~DTM*233*20210311~DTM*050*20210624~SVC*HC:90834:95*120*0~CAS*CO*140*120~REF*6R*928869195~CLP*928282420*4*120*0**MC*21176E000174*11~NM1*QC*1*KAHAPEA*JONAH****MI*0002624332~NM1*74*1*UNRECOGNIZED*MEMBER NUMBER****C*8888888888~NM1*82*2*FERREIRA*****XX*1811143126~DTM*232*20201231~DTM*233*20201231~DTM*050*20210624~SVC*HC:90834:95*120*0~CAS*CO*140*120~REF*6R*928543234~CLP*928388535*4*150*0**MC*21176E000178*11~NM1*QC*1*KAHAPEA*JONAH****MI*0002624332~NM1*74*1*UNRECOGNIZED*MEMBER NUMBER****C*8888888888~NM1*82*2*FERREIRA*****XX*1811143126~DTM*232*20210218~DTM*233*20210218~DTM*050*20210624~SVC*HC:90847:95*150*0~CAS*CO*140*150~REF*6R*928747569~CLP*928452997*4*120*0**MC*21176E000179*11~NM1*QC*1*KAHAPEA*JONAH****MI*0002624332~NM1*74*1*UNRECOGNIZED*MEMBER NUMBER****C*8888888888~NM1*82*2*FERREIRA*****XX*1811143126~DTM*232*20210325~DTM*233*20210325~DTM*050*20210624~SVC*HC:90834:95*120*0~CAS*CO*140*120~REF*6R*928857783~CLP*928333254*4*120*0**MC*21176E000182*11~NM1*QC*1*KAHAPEA*JONAH****MI*0002624332~NM1*74*1*UNRECOGNIZED*MEMBER NUMBER****C*8888888888~NM1*82*2*FERREIRA*****XX*1811143126~DTM*232*20210128~DTM*233*20210128~DTM*050*20210624~SVC*HC:90834:95*120*0~CAS*CO*140*120~REF*6R*928642551~CLP*928278124*4*120*0**MC*21176E000185*11~NM1*QC*1*KAHAPEA*JONAH****MI*0002624332~NM1*74*1*UNRECOGNIZED*MEMBER NUMBER****C*8888888888~NM1*82*2*FERREIRA*****XX*1811143126~DTM*232*20210107~DTM*233*20210107~DTM*050*20210624~SVC*HC:90834:95*120*0~CAS*CO*140*120~REF*6R*928535139~CLP*928459430*4*120*0**MC*21176E000195*11~NM1*QC*1*KAHAPEA*JONAH****MI*0002624332~NM1*74*1*UNRECOGNIZED*MEMBER NUMBER****C*8888888888~NM1*82*2*FERREIRA*****XX*1811143126~DTM*232*20210304~DTM*233*20210304~DTM*050*20210624~SVC*HC:90834:95*120*0~CAS*CO*140*120~REF*6R*928869354~CLP*928599777*1*175*107.58**MC*21179E000922*11~NM1*QC*1*SLOAN*WILSON****MI*0002361550~NM1*82*2*MATSUMOTO*****XX*1427398312~DTM*232*20210529~DTM*233*20210529~DTM*050*20210627~AMT*AU*107.58~SVC*HC:90837:95*175*107.58~CAS*CO*45*67.42~REF*6R*9281110632~AMT*B6*107.58~CLP*928599787*1*175*107.58**MC*21179E000929*11~NM1*QC*1*BIERENS*HELENA****MI*0001141216~NM1*74*1***M~NM1*82*2*MATSUMOTO*****XX*1427398312~DTM*232*20210530~DTM*233*20210530~DTM*050*20210627~AMT*AU*107.58~SVC*HC:90837:95*175*107.58~CAS*CO*45*67.42~REF*6R*9281110645~AMT*B6*107.58~CLP*928599768*1*90*44.66**MC*21179E001030*11~NM1*QC*1*BASQUES-RODGERS*KEOLA****MI*0002129504~NM1*74*1***J~NM1*82*2*MATSUMOTO*****XX*1427398312~DTM*232*20210516~DTM*233*20210516~DTM*050*20210627~AMT*AU*44.66~SVC*HC:90832:95*90*44.66~CAS*CO*45*45.34~REF*6R*9281110624~AMT*B6*44.66~CLP*928599788*1*120*68.38**MC*21179E001079*11~NM1*QC*1*BASQUES-RODGERS*KEOLA****MI*0002129504~NM1*74*1***J~NM1*82*2*MATSUMOTO*****XX*1427398312~DTM*232*20210530~DTM*233*20210530~DTM*050*20210627~AMT*AU*68.38~SVC*HC:90834:95*120*68.38~CAS*CO*45*51.62~REF*6R*9281110646~AMT*B6*68.38~CLP*928599779*1*120*0**MC*21179E001170*11~NM1*QC*1*ONG*DINHTAI****MI*0000640266~NM1*74*1***T~NM1*82*1*RIBEIRO*MICHELLE*R***XX*1164054391~DTM*232*20210529~DTM*233*20210529~DTM*050*20210627~SVC*HC:90834:95*120*0~CAS*CO*45*120~REF*6R*9281110634~LQ*HE*N130~CLP*928599766*1*175*107.58**MC*21179E001237*11~NM1*QC*1*BIERENS*HELENA****MI*0001141216~NM1*74*1***M~NM1*82*2*MATSUMOTO*****XX*1427398312~DTM*232*20210516~DTM*233*20210516~DTM*050*20210627~AMT*AU*107.58~SVC*HC:90837:95*175*107.58~CAS*CO*45*67.42~REF*6R*9281110622~AMT*B6*107.58~CLP*928599776*1*90*44.66**MC*21179E001481*11~NM1*QC*1*BASQUES-RODGERS*KEOLA****MI*0002129504~NM1*74*1***J~NM1*82*2*MATSUMOTO*****XX*1427398312~DTM*232*20210523~DTM*233*20210523~DTM*050*20210627~AMT*AU*44.66~SVC*HC:90832:95*90*44.66~CAS*CO*45*45.34~REF*6R*9281110631~AMT*B6*44.66~SE*943*0002~GE*2*847575780~IEA*1*847575780~