ISA*00*          *00*          *ZZ*330897513      *ZZ*MEDBOSSC       *210810*0245*^*00501*860135141*0*P*:~GS*HP*330897513*MEDBOSSC*20210810*0245*860135141*X*005010X221A1~ST*835*0001~BPR*I*913.82*C*ACH*CCP*01*121301015*DA*48070310*1990040115**01*321370765*DA*81020-75433*20210810~TRN*1*1650717*1990040115~REF*F2*5.40~DTM*405*20210805~N1*PR*HAWAII MEDICAL SERVICE ASSOCIATION~N3*818 KEEAUMOKU ST~N4*HONOLULU*HI*96814~PER*BL*ETS*TE*8089486355~N1*PE*SERENITY COUNSELING SERVIC*XX*1588011043~REF*TJ*812344400~LX*1~CLP*5654562998*1*190*117.8*12*12*21194E0000030*11~NM1*QC*1*KIM JR*RODNEY****MI*XLPR000022743686~NM1*74*1***H***C*R000022743686~NM1*82*1*BOJANOWSKI*JENNIFER*D***XX*1699007427~REF*CE*828~DTM*232*20200123~DTM*233*20200123~DTM*050*20210712~AMT*AU*129.8~SVC*HC:90791*190*117.8~CAS*PR*3*12~CAS*CO*45*60.2~REF*6R*56530227041~AMT*B6*129.8~CLP*5654562981*1*145*81.31*12*12*21194E0000451*11~NM1*QC*1*KIM JR*RODNEY****MI*XLPR000022743686~NM1*74*1***H***C*R000022743686~NM1*82*1*BOJANOWSKI*JENNIFER*D***XX*1699007427~REF*CE*828~DTM*232*20200130~DTM*233*20200130~DTM*050*20210712~AMT*AU*93.31~SVC*HC:90846*145*81.31~CAS*PR*3*12~CAS*CO*45*51.69~REF*6R*56530227023~AMT*B6*93.31~CLP*877-1834*1*180*0**12*2121400002197*02~NM1*QC*1*WADA*DASIA****MI*XLPR000015702848~NM1*IL*1*WADA*DARREN****MI*XLPR000015702848~NM1*74*1***K***C*R000015702848~NM1*82*1*LINARES*DAVID****XX*1699008045~REF*CE*445~DTM*232*20210605~DTM*233*20210605~DTM*050*20210802~SVC*HC:90791:95*180*0~CAS*OA*18*180~REF*6R*582877-1834~LQ*HE*N522~CLP*639-3491*1*120*87.97*12*12*21215E0004599*02~NM1*QC*1*CORREA*MICHELE****MI*XLPR000081874406~NM1*74*1***M***C*R000081874406~NM1*82*1*FERREIRA*LORI*M***XX*1811143126~REF*CE*754~DTM*232*20210720~DTM*233*20210720~DTM*050*20210802~AMT*AU*99.97~SVC*HC:90834:95*120*87.97~CAS*PR*3*12~CAS*CO*45*20.03~REF*6R*297639-3491~AMT*B6*99.97~CLP*639-3489*1*120*87.97*12*12*21215E0004645*02~NM1*QC*1*CORREA*MICHELE****MI*XLPR000081874406~NM1*74*1***M***C*R000081874406~NM1*82*1*FERREIRA*LORI*M***XX*1811143126~REF*CE*754~DTM*232*20210706~DTM*233*20210706~DTM*050*20210802~AMT*AU*99.97~SVC*HC:90834:95*120*87.97~CAS*PR*3*12~CAS*CO*45*20.03~REF*6R*296639-3489~AMT*B6*99.97~CLP*554-3363*1*120*87.97*12*12*21215E0007211*02~NM1*QC*1*KAWAMOTO*RENEE****MI*R000080509243~NM1*IL*1*KAWAMOTO*RENEE****MI*R000080509243~NM1*74*1**KALEN*M~NM1*82*1*LINARES*DAVID****XX*1699008045~REF*CE*686~DTM*232*20210730~DTM*233*20210730~DTM*050*20210802~AMT*AU*99.97~SVC*HC:90834:95*120*87.97~CAS*PR*3*12~CAS*CO*45*20.03~REF*6R*860554-3363~AMT*B6*99.97~CLP*710-3518*1*120*87.97*12*12*21216E0003923*02~NM1*QC*1*HANNA*ROXANNE****MI*XLFR000082277062~NM1*82*1*LINARES*DAVID****XX*1699008045~REF*CE*912~DTM*232*20210802~DTM*233*20210802~DTM*050*20210803~AMT*AU*99.97~SVC*HC:90834:95*120*87.97~CAS*PR*3*12~CAS*CO*45*20.03~REF*6R*252710-3518~AMT*B6*99.97~CLP*726-3349*1*150*95.39*12*12*21217E0004497*02~NM1*QC*1*MARTIN*SANDRA*SANDI***MI*XLPR000080101728~NM1*74*1***L***C*R000080101728~NM1*82*1*PLAYTER*AILEEN*T***XX*1013394097~REF*CE*754~DTM*232*20210730~DTM*233*20210730~DTM*050*20210804~AMT*AU*107.39~SVC*HC:90837:95*150*95.39~CAS*PR*3*12~CAS*CO*45*42.61~REF*6R*136726-3349~AMT*B6*107.39~CLP*825-3423*1*120*119.33**HM*21217E0004014*02~NM1*QC*1*ORA*LORNA*A***MI*XLHR000080976459~NM1*IL*1*ORA*LORNA*A***MI*XLHR000080976459~NM1*74*1*FERGUSON*AARON****C*R000080976459~NM1*82*1*PLAYTER*AILEEN*T***XX*1013394097~REF*CE*YQ~DTM*232*20210730~DTM*233*20210730~DTM*050*20210804~AMT*AU*119.33~SVC*HC:90847:95*120*119.33~CAS*CO*45*.67~REF*6R*140825-3423~AMT*B6*119.33~CLP*720-3570*1*90*68.13**12*21217E0004167*02~NM1*QC*1*NATALIE*OWENS****MI*XLAR000030570758~NM1*IL*1*NATALIE*OWENS****MI*XLAR000030570758~NM1*74*1*OWENS*LAMONT****C*R000030570758~NM1*82*1*PLAYTER*AILEEN*T***XX*1013394097~REF*CE*898~DTM*232*20210803~DTM*233*20210803~DTM*050*20210804~AMT*AU*68.13~SVC*HC:90832:95*90*68.13~CAS*CO*45*21.87~REF*6R*142720-3570~AMT*B6*68.13~CLP*472-3451*1*120*79.98*19.99*12*21215E0007044*02~NM1*QC*1*PEEBLES*BRANDEN*M***MI*XLER000082601907~NM1*82*1*FERREIRA*LORI*M***XX*1811143126~REF*CE*690~DTM*232*20210727~DTM*233*20210727~DTM*050*20210802~AMT*AU*99.97~SVC*HC:90834:95*120*79.98~CAS*PR*2*19.99~CAS*CO*45*20.03~REF*6R*439472-3451~AMT*B6*99.97~SE*165*0001~ST*835*0002~BPR*I*353.05*C*ACH*CCP*01*121301015*DA*01031503*1990040115**01*321370765*DA*81020-75433*20210810~TRN*1*1127566*1990040115~REF*F2*5.40~DTM*405*20210805~N1*PR*HAWAII MEDICAL SERVICE ASSOCIATION~N3*818 KEEAUMOKU ST~N4*HONOLULU*HI*96814~PER*BL*ETS*TE*8089486355~N1*PE*SERENITY COUNSELING SERVIC*XX*1588011043~REF*TJ*812344400~LX*1~CLP*731-3516*1*150*112.45**HM*21216E0003237*02~NM1*QC*1*CARINIO*JASON****MI*HFPF000025476797~NM1*74*1***R***C*F000025476797~NM1*82*1*PLAYTER*AILEEN*T***XX*1013394097~REF*CE*087~DTM*232*20210802~DTM*233*20210802~DTM*050*20210803~AMT*AU*112.45~SVC*HC:90837:95*150*112.45~CAS*CO*45*37.55~REF*6R*245731-3516~AMT*B6*112.45~CLP*943-3512*1*180*135.92**HM*21216E0003899*02~NM1*QC*1*KRUSE*MARIA****MI*HFPF000030963524~NM1*IL*1*KRUSE*KEVIN*I***MI*HFPF000030963524~NM1*74*1******C*F000030963524~NM1*82*1*PLAYTER*AILEEN*T***XX*1013394097~REF*CE*087~DTM*232*20210802~DTM*233*20210802~DTM*050*20210803~AMT*AU*135.92~SVC*HC:90791:95*180*135.92~CAS*CO*45*44.08~REF*6R*244943-3512~AMT*B6*135.92~CLP*922-3378*1*120*104.68**HM*21217E0003212*02~NM1*QC*1*GALIZA*ELVEN****MI*HFPF000307386391~NM1*74*1**ELDEN*E***C*F000307386391~NM1*82*1*LINARES*DAVID****XX*1699008045~REF*CE*087~DTM*232*20210730~DTM*233*20210730~DTM*050*20210804~AMT*AU*104.68~SVC*HC:90834:95*120*104.68~CAS*CO*45*15.32~REF*6R*010922-3378~AMT*B6*104.68~SE*53*0002~GE*2*860135141~IEA*1*860135141~