ISA*00*          *00*          *ZZ*330897513      *ZZ*MEDBOSSC       *210607*0646*^*00501*839184332*0*P*:~GS*HP*330897513*MEDBOSSC*20210607*0646*839184332*X*005010X221A1~ST*835*0001~BPR*I*105.8*C*ACH*CTX*01*121301028*DA*0085442686*UNIVHEALTH**01*321370765*DA*8102075433*20210602~TRN*1*3260132*1990263440~REF*F2*5.40~N1*PR*UNIVERSITY HEALTH ALLIANCE~N3*700 BISHOP STREET SUITE 300~N4*HONOLULU*HI*96813~PER*CX*HOWARD LEE*TE*8085324000~PER*BL*HOWARD LEE*TE*8085324000~N1*PE*SERENITY COUNSELING SERVICES HAWAII, LLC*XX*1588011043~N3*94-1261 LUMIKULA ST, # 3U~N4*WAIPAHU*HI*96797~REF*TJ*812344400~REF*PQ*812344400~LX*1~CLP*928529579*1*190*105.8*12*16*2115231679*11~NM1*QC*1*BALANAY*REGGIE****MI*123059115-01~NM1*82*1*QUAY*MICHAEL****XX*1669002457~DTM*232*20201213~DTM*233*20201213~DTM*050*20210601~AMT*AU*117.8~SVC*HC:90791*190*105.8~CAS*PR*3*12~CAS*CO*45*72.2~REF*6R*928990202~AMT*B6*117.8~SE*28*0001~GE*1*839184332~IEA*1*839184332~