ISA*00*          *00*          *ZZ*330897513      *ZZ*MEDBOSSC       *210708*0736*^*00501*849392193*0*P*:~GS*HP*330897513*MEDBOSSC*20210708*0736*849392193*X*005010X221A1~ST*835*0001~BPR*I*526.18*C*ACH*CCP*01*121301028*DA*0006883451*1990309519**01*321370765*DA*8102075433*20210709~TRN*1*30235390*1990309519~DTM*405*20210707~N1*PR*ALOHACARE~N3*1357 KAPIOLANI BLVD*SUITE 1250~N4*HONOLULU*HI*96814~REF*2U*MEDICAID752777124~PER*BL*ALOHACARE EDI*TE*8089731650*EM*EDI@ALOHACARE.ORG~N1*PE*SERENITY COUNSELING SERVICES HAWAII*XX*1588011043~N3*99-149 MOANALUA RD RM 201~N4*AIEA*HI*96701~REF*TJ*812344400~LX*1~CLP*667-1726*1*120*55.75**MC*2118392627*11*1~NM1*QC*1*PARK*JASON*M***MI*0002256344~NM1*82*1*LINARES*DAVID*P***XX*1699008045~DTM*232*20210529~DTM*233*20210529~AMT*AU*55.75~SVC*HC:90834*120*55.75~DTM*472*20210529~CAS*CO*45*64.25~REF*6R*843667-1726~AMT*B6*55.75~CLP*667-1836*1*120*55.75**MC*2118392650*11*1~NM1*QC*1*PARK*JASON*M***MI*0002256344~NM1*82*1*LINARES*DAVID*P***XX*1699008045~DTM*232*20210605~DTM*233*20210605~AMT*AU*55.75~SVC*HC:90834*120*55.75~DTM*472*20210605~CAS*CO*45*64.25~REF*6R*457667-1836~AMT*B6*55.75~CLP*667-1983*1*120*55.75**MC*2118392657*11*1~NM1*QC*1*PARK*JASON*M***MI*0002256344~NM1*82*1*LINARES*DAVID*P***XX*1699008045~DTM*232*20210612~DTM*233*20210612~AMT*AU*55.75~SVC*HC:90834*120*55.75~DTM*472*20210612~CAS*CO*45*64.25~REF*6R*459667-1983~AMT*B6*55.75~LX*2~CLP*5654593166*4*190*0**MC*2117492669*11*1~NM1*QC*1*ALLEN JR.*ROBERT*C***MI*0000004729~NM1*82*1*MATSUMOTO*NATALIA*A***XX*1427398312~DTM*232*20200206~DTM*233*20200206~SVC*HC:90791*190*0~DTM*472*20200206~CAS*CO*29*190~REF*6R*56530287970~LX*3~CLP*741-1934*1*150*95.52**MC*2118691735*02*1~NM1*QC*1*EDOUARD*ANDREA*C***MI*0002184616~NM1*82*1*PLAYTER*AILEEN*T***XX*1013394097~DTM*232*20210608~DTM*233*20210608~AMT*AU*95.52~SVC*HC:90837:95*150*95.52~DTM*472*20210608~CAS*CO*45*54.48~REF*6R*763741-1934~AMT*B6*95.52~CLP*741-2025*1*150*95.52**MC*2118691758*02*1~NM1*QC*1*EDOUARD*ANDREA*C***MI*0002184616~NM1*82*1*PLAYTER*AILEEN*T***XX*1013394097~DTM*232*20210615~DTM*233*20210615~AMT*AU*95.52~SVC*HC:90837*150*95.52~DTM*472*20210615~CAS*CO*45*54.48~REF*6R*765741-2025~AMT*B6*95.52~CLP*741-2399*1*150*95.52**MC*2118691772*02*1~NM1*QC*1*EDOUARD*ANDREA*C***MI*0002184616~NM1*82*1*PLAYTER*AILEEN*T***XX*1013394097~DTM*232*20210629~DTM*233*20210629~AMT*AU*95.52~SVC*HC:90837*150*95.52~DTM*472*20210629~CAS*CO*45*54.48~REF*6R*766741-2399~AMT*B6*95.52~CLP*727-1936*1*120*72.37**MC*2118691746*02*1~NM1*QC*1*MINNICK*BRADY****MI*0002299534~NM1*82*1*PLAYTER*AILEEN*T***XX*1013394097~DTM*232*20210608~DTM*233*20210608~AMT*AU*72.37~SVC*HC:90847*120*72.37~DTM*472*20210608~CAS*CO*45*47.63~REF*6R*764727-1936~AMT*B6*72.37~SE*103*0001~GE*1*849392193~IEA*1*849392193~