ISA*00*          *00*          *ZZ*330897513      *ZZ*MEDBOSSC       *211025*0812*^*00501*885296185*0*P*:~GS*HP*330897513*MEDBOSSC*20211025*0812*885296185*X*005010X221A1~ST*835*0001~BPR*I*116.54*C*ACH*CCP*01*101000695*DA*9872007859*1943193724**01*321370765*DA*8102075433*20211025~TRN*1*189231670*1943193724~REF*EV*812344400~DTM*405*20211025~N1*PR*HMAA~N3*737 BISHOP STREET, SUITE 1200~N4*HONOLULU*HI*96813~REF*2U*48330~REF*EO*452579291~PER*BL*MARCIA FUKUHARA*TE*8089414622*EM*HWMG@HWMG.COM~N1*PE*SERENITY COUNSELING SERVICES HAWAII*XX*1588011043~N3*10641 WINDSMONT COURT~N4*LEHIGH ACRES*FL*33936~REF*TJ*812344400~LX*231670~CLP*1946-5513*1*150*118.8*13.2*12*212921202~NM1*QC*1*MEADOWS*JOHN*B***MI*1946-5513~NM1*IL*1*MEADOWS*JOHN*B***MI*999105625~REF*1L*56200~DTM*232*20210926~DTM*050*20211019~AMT*AU*132~SVC*HC:90837:95*150*118.8~DTM*472*20210926~CAS*PR*2*13.2~CAS*CO*45*18~REF*6R*9241946-5513~AMT*B6*132~PLB*812344400*20211231*CS:ZELIS TRANSACTION FEE*2.26~SE*31*0001~GE*1*885296185~IEA*1*885296185~