ISA*00*          *00*          *ZZ*330897513      *ZZ*MEDBOSSC       *211029*1209*^*00501*886756880*0*P*:~GS*HP*330897513*MEDBOSSC*20211029*1209*886756880*X*005010X221A1~ST*835*0001~BPR*I*170*C*ACH*CCP*01*051404260*DA*252781161*1541414194**01*321370765*DA*8102075433*20211101~TRN*1*0000539165*1541414194~N1*PR*BEACON HEALTH OPTIONS, INC.~N3*ATTN FINANCE DEPT~N4*NORFOLK*VA*23502~REF*2U*FDX~PER*BL*VALUEOPTIONS EDI HELPDESK*TE*8882479311*EM*ESUPPORTSERVICES@VALUEOPTIONS.COM~N1*PE*SERENITY COUNSELING SERVICES H*XX*1699008045~N3*10641 WINDSMONT CT~N4*LEHIGH ACRES*FL*339367268~REF*TJ*812344400~LX*1~CLP*0*1*60*85**13*06   102221 04065 00407*11~NM1*QC*1*RICKARD*BRANDON*S***MI*1157067~NM1*IL*1*RICKARD*BRANDON*S***MI*1157067~NM1*82*2*LINARES, DAVID*****XX*1699008045~REF*1W*1157067~REF*1J*E824169~SVC*HC:AEA:60*60*85~DTM*472*20211022~REF*6R*001~AMT*B6*85~CLP*0*1*60*85**13*06   102321 04065 00128*11~NM1*QC*1*WELLER*JEFFREY*W***MI*1143611~NM1*IL*1*WELLER*JEFFREY*W***MI*1143611~NM1*82*2*LINARES, DAVID*****XX*1699008045~REF*1W*1143611~REF*1J*E824169~SVC*HC:AEA:60*60*85~DTM*472*20211022~REF*6R*001~AMT*B6*85~SE*34*0001~ST*835*0002~BPR*I*510*C*ACH*CCP*01*051404260*DA*252781161*1541414194**01*321370765*DA*8102075433*20211101~TRN*1*0000538182*1541414194~N1*PR*BEACON HEALTH OPTIONS, INC.~N3*ATTN FINANCE DEPT~N4*NORFOLK*VA*23502~REF*2U*FDX~PER*BL*VALUEOPTIONS EDI HELPDESK*TE*8882479311*EM*ESUPPORTSERVICES@VALUEOPTIONS.COM~N1*PE*SERENITY COUNSELING SERVICES H*XX*1699008045~N3*10641 WINDSMONT CT~N4*LEHIGH ACRES*FL*339367268~REF*TJ*812344400~LX*1~CLP*0*1*60*85**13*06   102321 04065 00169*11~NM1*QC*1*CHAN*MONICA*M***MI*833265~NM1*IL*1*CHAN*MONICA*M***MI*833265~NM1*82*2*LINARES, DAVID*****XX*1699008045~REF*1W*833265~REF*1J*E824169~SVC*HC:AEA:60*60*85~DTM*472*20211023~REF*6R*001~AMT*B6*85~CLP*0*1*60*85**13*06   102521 04065 00419*11~NM1*QC*1*CUI*BAJUN*M***MI*908655~NM1*IL*1*CUI*BAJUN*M***MI*908655~NM1*82*2*LINARES, DAVID*****XX*1699008045~REF*1W*908655~REF*1J*E824169~SVC*HC:AEA:60*60*85~DTM*472*20211025~REF*6R*001~AMT*B6*85~CLP*0*1*60*85**13*06   102221 04065 00315*11~NM1*QC*1*LINGLEY*JEREMIAH*E***MI*368612~NM1*IL*1*LINGLEY*JEREMIAH*E***MI*368612~NM1*82*2*LINARES, DAVID*****XX*1699008045~REF*1W*368612~REF*1J*E824169~SVC*HC:AEA:60*60*85~DTM*472*20211022~REF*6R*001~AMT*B6*85~CLP*0*1*60*85**13*06   102321 04065 00176*11~NM1*QC*1*MYLES*BRENT*D***MI*1142707~NM1*IL*1*MYLES*BRENT*D***MI*1142707~NM1*82*2*LINARES, DAVID*****XX*1699008045~REF*1W*1142707~REF*1J*E824169~SVC*HC:AEA:60*60*85~DTM*472*20211023~REF*6R*001~AMT*B6*85~CLP*0*1*60*85**13*06   102221 04065 00352*11~NM1*QC*1*ORAVETZ*LOGAN*S***MI*1149764~NM1*IL*1*ORAVETZ*LOGAN*S***MI*1149764~NM1*82*2*LINARES, DAVID*****XX*1699008045~REF*1W*1149764~REF*1J*E824169~SVC*HC:AEA:60*60*85~DTM*472*20211015~REF*6R*001~AMT*B6*85~CLP*0*1*60*85**13*06   102221 04065 00365*11~NM1*QC*1*ORAVETZ*LOGAN*S***MI*1149764~NM1*IL*1*ORAVETZ*LOGAN*S***MI*1149764~NM1*82*2*LINARES, DAVID*****XX*1699008045~REF*1W*1149764~REF*1J*E824169~SVC*HC:AEA:60*60*85~DTM*472*20211022~REF*6R*001~AMT*B6*85~SE*74*0002~ST*835*0003~BPR*I*85*C*ACH*CCP*01*051404260*DA*252781161*1541414194**01*321370765*DA*8102075433*20211101~TRN*1*0000538678*1541414194~N1*PR*BEACON HEALTH OPTIONS, INC.~N3*ATTN FINANCE DEPT~N4*NORFOLK*VA*23502~REF*2U*FDX~PER*BL*VALUEOPTIONS EDI HELPDESK*TE*8882479311*EM*ESUPPORTSERVICES@VALUEOPTIONS.COM~N1*PE*SERENITY COUNSELING SERVICES H*XX*1699008045~N3*10641 WINDSMONT CT~N4*LEHIGH ACRES*FL*339367268~REF*TJ*812344400~LX*1~CLP*0*1*60*85**13*06   102321 04065 00154*11~NM1*QC*1*KEENAN*ANNA*M***MI*1140803~NM1*IL*1*KEENAN*ANNA*M***MI*1140803~NM1*82*2*LINARES, DAVID*****XX*1699008045~REF*1W*1140803~REF*1J*E824169~SVC*HC:AEA:60*60*85~DTM*472*20211023~REF*6R*001~AMT*B6*85~SE*24*0003~GE*3*886756880~IEA*1*886756880~