ISA*00*          *00*          *ZZ*330897513      *ZZ*MEDBOSSC       *211005*0244*^*00501*878395118*0*P*:~GS*HP*330897513*MEDBOSSC*20211005*0244*878395118*X*005010X221A1~ST*835*0001~BPR*H*0*C*NON************20211005~TRN*1*14787*1990040115~N1*PR*HAWAII MEDICAL SERVICE ASSOCIATION~N3*P. O. BOX 2970~N4*HONOLULU*HI*96802~PER*BL*ETS*TE*8089486355~N1*PE*SERENITY COUNSELING SERVIC*XX*1588011043~N4*LEHIGH ACRES*FL*33936~REF*TJ*812344400~LX*1~CLP*752-3667*4*150*0*150*12*47120212432032800*02*1~NM1*QC*1*SENECA*PIERIS****MI*MSJ60205871901~NM1*82*1*NATALIA A MATSUMOTO MFT*****XX*1427398312~DTM*232*20210807~SVC*HC:90837:95*150*0~CAS*PR*31*150~REF*6R*036752-3667~AMT*B6*107.39~CLP*752-3481*4*150*0*150*12*47120212442016800*02*1~NM1*QC*1*SENECA*PIERIS****MI*MSJ60205871901~NM1*82*1*NATALIA A MATSUMOTO MFT*****XX*1427398312~DTM*232*20210801~SVC*HC:90837:95*150*0~CAS*PR*31*150~REF*6R*616752-3481~AMT*B6*107.39~CLP*752-4609*4*150*0*150*12*47120212652022000*02*1~NM1*QC*1*SENECA*PIERIS****MI*MSJ60205871901~NM1*82*1*NATALIA A MATSUMOTO MFT*****XX*1427398312~DTM*232*20210815~SVC*HC:90837:95*150*0~CAS*PR*31*150~REF*6R*655752-4609~AMT*B6*107.39~CLP*752-4637*4*150*0*150*12*47120212652026000*02*1~NM1*QC*1*SENECA*PIERIS****MI*MSJ60205871901~NM1*82*1*NATALIA A MATSUMOTO MFT*****XX*1427398312~DTM*232*20210821~SVC*HC:90837:95*150*0~CAS*PR*31*150~REF*6R*630752-4637~AMT*B6*107.39~CLP*752-4222*4*150*0*150*12*47120212652027500*02*1~NM1*QC*1*SENECA*PIERIS****MI*MSJ60205871901~NM1*82*1*NATALIA A MATSUMOTO MFT*****XX*1427398312~DTM*232*20210613~SVC*HC:90837:95*150*0~CAS*PR*31*150~REF*6R*637752-4222~AMT*B6*107.39~CLP*752-2787*4*150*0*150*12*47120212662024200*02*1~NM1*QC*1*SENECA*PIERIS****MI*MSJ60205871901~NM1*82*1*NATALIA A MATSUMOTO MFT*****XX*1427398312~DTM*232*20210710~SVC*HC:90837:95*150*0~CAS*PR*31*150~REF*6R*255752-2787~AMT*B6*107.39~CLP*752-4222*4*150*0*150*12*47120212662042400*02*1~NM1*QC*1*SENECA*PIERIS****MI*MSJ60205871901~NM1*82*1*NATALIA A MATSUMOTO MFT*****XX*1427398312~DTM*232*20210613~SVC*HC:90837:95*150*0~CAS*PR*31*150~REF*6R*814172464L904331017~AMT*B6*107.39~CLP*752-2588*4*150*0*150*12*47120212662043400*02*1~NM1*QC*1*SENECA*PIERIS****MI*MSJ60205871901~NM1*82*1*NATALIA A MATSUMOTO MFT*****XX*1427398312~DTM*232*20210703~SVC*HC:90837:95*150*0~CAS*PR*31*150~REF*6R*256752-2588~AMT*B6*107.39~SE*76*0001~ST*835*0002~BPR*I*1078.35*C*ACH*CCP*01*121301015*DA*48070310*1990040115**01*321370765*DA*81020-75433*20211005~TRN*1*1669361*1990040115~REF*F2*5.40~DTM*405*20210930~N1*PR*HAWAII MEDICAL SERVICE ASSOCIATION~N3*818 KEEAUMOKU ST~N4*HONOLULU*HI*96814~PER*BL*ETS*TE*8089486355~N1*PE*SERENITY COUNSELING SERVIC*XX*1588011043~REF*TJ*812344400~LX*1~CLP*758-4991*1*120*85.97*14*12*21270E0004860*02~NM1*QC*1*SCOTT ALLE*YAGO****MI*XLRR000082156936~NM1*74*1*YAGO*SCOTT ALLEN*R***C*R000082156936~NM1*82*1*WATERS*LORI*M***XX*1760854152~REF*CE*744~DTM*232*20210922~DTM*233*20210922~DTM*050*20210926~AMT*AU*99.97~SVC*HC:90834:95*120*85.97~CAS*PR*3*14~CAS*CO*45*20.03~REF*6R*613758-4991~AMT*B6*99.97~CLP*720-5016*1*150*107.39**12*21273E0004949*02~NM1*QC*1*NATALIE*OWENS****MI*XLAR000030570758~NM1*IL*1*NATALIE*OWENS****MI*XLAR000030570758~NM1*74*1*OWENS*LAMONT****C*R000030570758~NM1*82*1*PLAYTER*AILEEN*T***XX*1013394097~REF*CE*898~DTM*232*20210923~DTM*233*20210923~DTM*050*20210929~AMT*AU*107.39~SVC*HC:90837:95*150*107.39~CAS*CO*45*42.61~REF*6R*687720-5016~AMT*B6*107.39~CLP*2041-4471*1*220*0**HM*21264E0004631*02~NM1*QC*1*ROMBAWA*KAAIKANE****MI*XLHR000082613373~NM1*IL*1*ROMBAWA*KAAIKANE****MI*XLHR000082613373~NM1*74*1*PRIETO*ROSANNA****C*R000082613373~NM1*82*1*LINARES*DAVID****XX*1699008045~REF*CE*XS~DTM*232*20210906~DTM*233*20210906~DTM*050*20210920~SVC*HC:90792:95*220*0~CAS*CO*8*220~REF*6R*0062041-4471~LQ*HE*N95~CLP*942-3800*2*120*0**HM*2127000000080*02~NM1*QC*1*SHOOK*KEOLAMAI****MI*R000080089287~NM1*IL*1*JODI-LYNN*KEOLAMAI****MI*R000080089287~NM1*74*1*SHOOK*JODILYNN*N~NM1*82*1*LINARES*DAVID****XX*1699008045~REF*CE*XA~DTM*232*20210814~DTM*233*20210814~DTM*050*20210927~SVC*HC:90834:95*120*0~CAS*OA*18*120~REF*6R*710942-3800~LQ*HE*N522~CLP*942-3948*2*120*0**HM*2127000002577*02~NM1*QC*1*SHOOK*KEOLAMAI****MI*R000080089287~NM1*IL*1*JODI-LYNN*KEOLAMAI****MI*R000080089287~NM1*74*1*SHOOK*JODILYNN*N~NM1*82*1*LINARES*DAVID****XX*1699008045~REF*CE*XA~DTM*232*20210821~DTM*233*20210821~DTM*050*20210927~SVC*HC:90834:95*120*0~CAS*OA*18*120~REF*6R*712942-3948~LQ*HE*N522~CLP*942-4233*2*120*19.71**HM*2127000004508*02~NM1*QC*1*SHOOK*KEOLAMAI****MI*R000083516575~NM1*IL*1*SHOOK*KEOLAMAI****MI*R000083516575~NM1*74*1**JODILYNN*N***C*R000080089287~NM1*82*1*LINARES*DAVID****XX*1699008045~REF*CE*XA~DTM*232*20210828~DTM*233*20210828~DTM*050*20210927~AMT*AU*104.68~SVC*HC:90834:95*120*19.71~CAS*OA*23*105**94*-4.71~REF*6R*685942-4233~AMT*B6*104.68~CLP*825-4988*1*120*119.33**HM*21270E0007173*02~NM1*QC*1*ORA*LORNA*A***MI*XLHR000080976459~NM1*IL*1*ORA*LORNA*A***MI*XLHR000080976459~NM1*74*1*FERGUSON*AARON****C*R000080976459~NM1*82*1*PLAYTER*AILEEN*T***XX*1013394097~REF*CE*YQ~DTM*232*20210917~DTM*233*20210917~DTM*050*20210926~AMT*AU*119.33~SVC*HC:90847:95*120*119.33~CAS*CO*45*.67~REF*6R*621825-4988~AMT*B6*119.33~CLP*2041-5067*1*120*99.33*20*HM*21273E0004955*02~NM1*QC*1*ROMBAWA*KAAIKANE****MI*XLHR000082613373~NM1*IL*1*ROMBAWA*KAAIKANE****MI*XLHR000082613373~NM1*74*1*PRIETO*ROSANNA****C*R000082613373~NM1*82*1*LINARES*DAVID****XX*1699008045~REF*CE*XS~DTM*232*20210924~DTM*233*20210924~DTM*050*20210929~AMT*AU*119.33~SVC*HC:90847:95*120*99.33~CAS*PR*3*20~CAS*CO*45*.67~REF*6R*6932041-5067~AMT*B6*119.33~CLP*2039-4672*1*220*0**12*21264E0005117*02~NM1*QC*1*MEDEIROS*ALVITA****MI*R000070433982~NM1*IL*1*MEDEIROS*REUBEN*K***MI*R000070433982~NM1*82*1*LINARES*DAVID****XX*1699008045~REF*CE*532~DTM*232*20210913~DTM*233*20210913~DTM*050*20210920~SVC*HC:90792:95*220*0~CAS*CO*8*220~REF*6R*8002039-4672~LQ*HE*N95~CLP*2011-4887*1*220*0**12*21265E0004910*02~NM1*QC*1*MILLAN*NOEL****MI*XLPR000020792693~NM1*82*1*MATSUMOTO*NATALIA*A***XX*1427398312~REF*CE*809~DTM*232*20210829~DTM*233*20210829~DTM*050*20210921~SVC*HC:90792:95*220*0~CAS*CO*8*220~REF*6R*2362011-4887~LQ*HE*N95~CLP*738-4996*1*120*87.97*12*12*21270E0008281*02~NM1*QC*1*LOPEZ*SHASTY****MI*R000084315951~NM1*82*1*WATERS*LORI*M***XX*1760854152~REF*CE*662~DTM*232*20210915~DTM*233*20210915~DTM*050*20210926~AMT*AU*99.97~SVC*HC:90834:95*120*87.97~CAS*PR*3*12~CAS*CO*45*20.03~REF*6R*622738-4996~AMT*B6*99.97~CLP*726-4985*1*150*95.39*12*12*21270E0013063*11~NM1*QC*1*MARTIN*SANDRA*SANDI***MI*XLPR000080101728~NM1*74*1***L***C*R000080101728~NM1*82*1*PLAYTER*AILEEN*T***XX*1013394097~REF*CE*754~DTM*232*20210917~DTM*233*20210917~DTM*050*20210926~AMT*AU*107.39~SVC*HC:90837:95*150*95.39~CAS*PR*3*12~CAS*CO*45*42.61~REF*6R*616726-4985~AMT*B6*107.39~CLP*734-4999*1*120*87.97*12*12*21270E0013100*02~NM1*QC*1*RIFE*ROBYN****MI*R000083705426~NM1*IL*1*RIFE*ROBYN****MI*R000083705426~NM1*74*1**ROBERT~NM1*82*1*WATERS*LORI*M***XX*1760854152~REF*CE*766~DTM*232*20210921~DTM*233*20210921~DTM*050*20210926~AMT*AU*99.97~SVC*HC:90834:95*120*87.97~CAS*PR*3*12~CAS*CO*45*20.03~REF*6R*623734-4999~AMT*B6*99.97~CLP*856-4381*1*150*95.39*12*12*21272E0005066*02~NM1*QC*1*KIRK*ANDRIA****MI*R000082708413~NM1*IL*1*KIRK*ANDRIA****MI*R000082708413~NM1*74*1*STEITZ*MICHELLE*M~NM1*82*1*WATERS*LORI*M***XX*1760854152~REF*CE*828~DTM*232*20210211~DTM*233*20210211~DTM*050*20210928~AMT*AU*107.39~SVC*HC:90837:95*150*95.39~CAS*PR*3*12~CAS*CO*45*42.61~REF*6R*357856-4381~AMT*B6*107.39~CLP*2038-5135*1*120*101.96*12*12*21273E0004340*11~NM1*QC*1*MAGALLANES*DUANE****MI*XLPR000080101728~NM1*IL*1*MARTIN*SANDRA****MI*XLPR000080101728~NM1*74*1***L***C*R000080101728~NM1*82*1*PLAYTER*AILEEN*T***XX*1013394097~REF*CE*754~DTM*232*20210928~DTM*233*20210928~DTM*050*20210929~AMT*AU*113.96~SVC*HC:90847:95*120*101.96~CAS*PR*3*12~CAS*CO*45*6.04~REF*6R*4902038-5135~AMT*B6*113.96~CLP*554-5070*1*120*87.97*12*12*21273E0004539*02~NM1*QC*1*KAWAMOTO*RENEE****MI*R000080509243~NM1*IL*1*KAWAMOTO*RENEE****MI*R000080509243~NM1*74*1**KALEN*M~NM1*82*1*LINARES*DAVID****XX*1699008045~REF*CE*686~DTM*232*20210925~DTM*233*20210925~DTM*050*20210929~AMT*AU*99.97~SVC*HC:90834:95*120*87.97~CAS*PR*3*12~CAS*CO*45*20.03~REF*6R*694554-5070~AMT*B6*99.97~CLP*2039-5108*1*120*89.97*10*12*21273E0004755*02~NM1*QC*1*MEDEIROS*ALVITA****MI*R000070433982~NM1*IL*1*MEDEIROS*REUBEN*K***MI*R000070433982~NM1*82*1*LINARES*DAVID****XX*1699008045~REF*CE*532~DTM*232*20210927~DTM*233*20210927~DTM*050*20210929~AMT*AU*99.97~SVC*HC:90834:95*120*89.97~CAS*PR*2*10~CAS*CO*45*20.03~REF*6R*6292039-5108~AMT*B6*99.97~SE*247*0002~ST*835*0003~BPR*I*224.9*C*ACH*CCP*01*121301015*DA*01031503*1990040115**01*321370765*DA*81020-75433*20211005~TRN*1*1140060*1990040115~REF*F2*5.40~DTM*405*20210930~N1*PR*HAWAII MEDICAL SERVICE ASSOCIATION~N3*818 KEEAUMOKU ST~N4*HONOLULU*HI*96814~PER*BL*ETS*TE*8089486355~N1*PE*SERENITY COUNSELING SERVIC*XX*1588011043~REF*TJ*812344400~LX*1~CLP*753-4997*1*150*112.45**HM*21273E0005020*02~NM1*QC*1*DRAGNA*MIKELLA****MI*HFPF000026496935~NM1*IL*1*DRAGNA*MIKELLA****MI*HFPF000026496935~NM1*74*1**GINGER*L***C*F000026496935~NM1*82*1*MATSUMOTO*NATALIA*A***XX*1427398312~REF*CE*087~DTM*232*20210904~DTM*233*20210904~DTM*050*20210929~AMT*AU*112.45~SVC*HC:90837:95*150*112.45~CAS*CO*45*37.55~REF*6R*619753-4997~AMT*B6*112.45~CLP*731-4990*1*150*112.45**HM*21273E0005022*02~NM1*QC*1*CARINIO*JASON****MI*HFPF000025476797~NM1*74*1***R***C*F000025476797~NM1*82*1*PLAYTER*AILEEN*T***XX*1013394097~REF*CE*087~DTM*232*20210920~DTM*233*20210920~DTM*050*20210929~AMT*AU*112.45~SVC*HC:90837:95*150*112.45~CAS*CO*45*37.55~REF*6R*625731-4990~AMT*B6*112.45~SE*40*0003~GE*3*878395118~IEA*1*878395118~