ISA*00*          *00*          *ZZ*330897513      *ZZ*MEDBOSSC       *211007*0707*^*00501*879090317*0*P*:~GS*HP*330897513*MEDBOSSC*20211007*0707*879090317*X*005010X221A1~ST*835*0001~BPR*I*724.97*C*ACH*CCP*01*043301627*DA*1082049135*1571132733*000000000*01*321370765*DA*8102075433*20211008~TRN*1*5010876277TA2*1571132733*000000000~REF*EV*7GW0013CA3~REF*F2*1588011043    R88011004007256~DTM*405*20211004~N1*PR*PGBA,LLC~N3*TRICARE WEST REGION CLAIMS*P.O. BOX 202112~N4*FLORENCE*SC*295022112~PER*CX*TRICARE WEST REGION CLAIMS CORRESPONDENCE*TE*8448669378~PER*BL*TRICARE ELECTRONIC CLAIMS SERVICE CENTER*TE*8003255920~N1*PE*SERENITY COUNSELING SERVICES*XX*1588011043~N3*201*99-149 MOANALUA RD~N4*AIEA*HI*96701~REF*TJ*812344400~LX*1~CLP*658-4547*1*120*69.18**CH*H273X5K1M0000*02*1~NM1*QC*1*WAIKIKI*TIALEI*P***HN*658-4547~NM1*82*1*FERREIRA*LORI****XX*1811143126~REF*1H*576766277~DTM*050*20210930~AMT*AU*69.18~SVC*HC:90834:95*120*69.18~DTM*472*20210830~CAS*CO*45*50.82~REF*6R*971658-4547~AMT*B6*69.18~LQ*HE*N10~LX*2~CLP*658-4545*1*120*69.18**CH*H273X5K1N0000*02*1~NM1*QC*1*WAIKIKI*TIALEI*P***HN*658-4545~NM1*82*1*FERREIRA*LORI****XX*1811143126~REF*1H*576766277~DTM*050*20210930~AMT*AU*69.18~SVC*HC:90834:95*120*69.18~DTM*472*20210823~CAS*CO*45*50.82~REF*6R*972658-4545~AMT*B6*69.18~LQ*HE*N10~LX*3~CLP*658-3873*1*120*69.18**CH*H273X5K1P0000*02*1~NM1*QC*1*WAIKIKI*TIALEI*P***HN*658-3873~NM1*82*1*FERREIRA*LORI****XX*1811143126~REF*1H*576766277~DTM*050*20210930~AMT*AU*69.18~SVC*HC:90834:95*120*69.18~DTM*472*20210809~CAS*CO*45*50.82~REF*6R*973658-3873~AMT*B6*69.18~LQ*HE*N10~LX*4~CLP*658-2750*1*120*69.18**CH*H273X5K1Q0000*02*1~NM1*QC*1*WAIKIKI*TIALEI*P***HN*658-2750~NM1*82*1*FERREIRA*LORI****XX*1811143126~REF*1H*576766277~DTM*050*20210930~AMT*AU*69.18~SVC*HC:90834:95*120*69.18~DTM*472*20210524~CAS*CO*45*50.82~REF*6R*974658-2750~AMT*B6*69.18~LQ*HE*N10~LX*5~CLP*658-3487*1*120*69.18**CH*H273X5K1S0000*02*1~NM1*QC*1*WAIKIKI*TIALEI*P***HN*658-3487~NM1*82*1*FERREIRA*LORI****XX*1811143126~REF*1H*576766277~DTM*050*20210930~AMT*AU*69.18~SVC*HC:90834:95*120*69.18~DTM*472*20210730~CAS*CO*45*50.82~REF*6R*975658-3487~AMT*B6*69.18~LQ*HE*N10~LX*6~CLP*658-2752*1*120*69.18**CH*H273X5K1T0000*02*1~NM1*QC*1*WAIKIKI*TIALEI*P***HN*658-2752~NM1*82*1*FERREIRA*LORI****XX*1811143126~REF*1H*576766277~DTM*050*20210930~AMT*AU*69.18~SVC*HC:90834:95*120*69.18~DTM*472*20210628~CAS*CO*45*50.82~REF*6R*976658-2752~AMT*B6*69.18~LQ*HE*N10~LX*7~CLP*658-2743*1*120*69.18**CH*H273X5K1V0000*02*1~NM1*QC*1*WAIKIKI*TIALEI*P***HN*658-2743~NM1*82*1*FERREIRA*LORI****XX*1811143126~REF*1H*576766277~DTM*050*20210930~AMT*AU*69.18~SVC*HC:90834:95*120*69.18~DTM*472*20210607~CAS*CO*45*50.82~REF*6R*977658-2743~AMT*B6*69.18~LQ*HE*N10~LX*8~CLP*658-2741*1*120*69.18**CH*H273X5K1W0000*02*1~NM1*QC*1*WAIKIKI*TIALEI*P***HN*658-2741~NM1*82*1*FERREIRA*LORI****XX*1811143126~REF*1H*576766277~DTM*050*20210930~AMT*AU*69.18~SVC*HC:90834:95*120*69.18~DTM*472*20210614~CAS*CO*45*50.82~REF*6R*978658-2741~AMT*B6*69.18~LQ*HE*N10~LX*9~CLP*658-2739*1*120*69.18**CH*H273X5K1X0000*02*1~NM1*QC*1*WAIKIKI*TIALEI*P***HN*658-2739~NM1*82*1*FERREIRA*LORI****XX*1811143126~REF*1H*576766277~DTM*050*20210930~AMT*AU*69.18~SVC*HC:90834:95*120*69.18~DTM*472*20210517~CAS*CO*45*50.82~REF*6R*979658-2739~AMT*B6*69.18~LQ*HE*N10~LX*10~CLP*595-5153*1*150*102.35**CH*H274X0TT50000*02*1~NM1*QC*1*KOTICH*MICHAEL*A***HN*595-5153~NM1*82*1*PLAYTER*AILEEN*T***XX*1013394097~REF*1H*575843780~DTM*050*20211001~AMT*AU*102.35~SVC*HC:90837:95*150*102.35~DTM*472*20210928~CAS*CO*45*47.65~REF*6R*455595-5153~AMT*B6*102.35~SE*145*0001~ST*835*0002~BPR*I*34.59*C*ACH*CCP*01*043301627*DA*1077670664*1571132733*000000000*01*321370765*DA*8102075433*20211008~TRN*1*5019332278TR2*1571132733*000000000~REF*EV*7GW0013CA3~REF*F2*1588011043    R88011005006451~DTM*405*20211005~N1*PR*PGBA,LLC~N3*TRICARE WEST REGION CLAIMS*P.O. BOX 202112~N4*FLORENCE*SC*295022112~PER*CX*TRICARE WEST REGION CLAIMS CORRESPONDENCE*TE*8448669378~PER*BL*TRICARE ELECTRONIC CLAIMS SERVICE CENTER*TE*8003255920~N1*PE*SERENITY COUNSELING SERVICES*XX*1588011043~N3*201*99-149 MOANALUA RD~N4*AIEA*HI*96701~REF*TJ*812344400~LX*1~CLP*881-5188*1*120*34.59*34.59*CH*H274X58NS0000*02*1~NM1*QC*1*MATERIALE*KATELYN*N***HN*881-5188~NM1*IL*1*MATERIALE*GERARD*A***MI*219478387~NM1*82*1*PLAYTER*AILEEN*T***XX*1013394097~REF*1H*575843780~DTM*050*20211001~AMT*AU*69.18~SVC*HC:90834:95*120*34.59~DTM*472*20210930~CAS*CO*242*50.82~CAS*PR*2*34.59~REF*6R*342881-5188~AMT*B6*69.18~LQ*HE*N212~SE*31*0002~GE*2*879090317~IEA*1*879090317~