ISA*00*          *00*          *ZZ*330897513      *ZZ*MEDBOSSC       *210902*0934*^*00501*867706084*0*P*:~GS*HP*330897513*MEDBOSSC*20210902*0934*867706084*X*005010X221A1~ST*835*0001~BPR*I*401.41*C*ACH*CCP*01*121301015*DA*01076140*1990040115**01*321370765*DA*8102075433*20210902~TRN*1*1994505*1990040115~REF*F2*5.40~DTM*405*20210830~N1*PR*HAWAII MEDICAL SERVICE ASSOCIATION~N3*818 KEEAUMOKU ST~N4*HONOLULU*HI*96814~PER*BL*ETS*TE*8089486355~N1*PE*SERENITY COUNSELING SERVICES HAWAII LLC*XX*1588011043~REF*TJ*812344400~LX*1~CLP*725-3746*1*150*107.58**MC*21239E003111*02~NM1*QC*1*STEWART*STACEY****MI*0002147386~NM1*74*1***R~NM1*82*2*PLAYTER*****XX*1013394097~DTM*232*20210810~DTM*233*20210810~DTM*050*20210826~AMT*AU*107.58~SVC*HC:90837:95*150*107.58~CAS*CO*45*42.42~REF*6R*662725-3746~AMT*B6*107.58~CLP*858-3848*1*90*49.49**MC*21242E003582*02~NM1*QC*1*CHUN*MARIAH****MI*0000806519~NM1*74*1***N~NM1*82*2*PLAYTER*****XX*1013394097~DTM*232*20210817~DTM*233*20210817~DTM*050*20210829~AMT*AU*49.49~SVC*HC:90832:95*90*49.49~CAS*CO*45*40.51~REF*6R*525858-3848~AMT*B6*49.49~CLP*640-3770*1*120*68.38**MC*21242E003742*02~NM1*QC*1*DIGIOVANNI*JOURNIE****MI*0002595228~NM1*74*1***C~NM1*82*2*LINARES*****XX*1699008045~DTM*232*20210813~DTM*233*20210813~DTM*050*20210829~AMT*AU*68.38~SVC*HC:90834:95*120*68.38~CAS*CO*45*51.62~REF*6R*269640-3770~AMT*B6*68.38~CLP*771-3666*1*150*107.58**MC*21242E004209*02~NM1*QC*1*MARTINEA*TRIPPET****MI*0002356610~NM1*74*1*TRIPPETT*MARTINEA~NM1*82*2*MATSUMOTO*****XX*1427398312~DTM*232*20210807~DTM*233*20210807~DTM*050*20210829~AMT*AU*107.58~SVC*HC:90837:95*150*107.58~CAS*CO*45*42.42~REF*6R*811532926L897491782~AMT*B6*107.58~CLP*831-2234*1*120*68.38**MC*21242E004339*11~NM1*QC*1*NILO*DANIELJAM****MI*0002538331~NM1*74*1**DANIELJAM**N~NM1*82*1*WATERS*LORI*M***XX*1760854152~DTM*232*20210623~DTM*233*20210623~DTM*050*20210829~AMT*AU*68.38~SVC*HC:90834:95*120*68.38~CAS*CO*45*51.62~REF*6R*006831-2234~AMT*B6*68.38~SE*73*0001~GE*1*867706084~IEA*1*867706084~