ISA*00*          *00*          *ZZ*330897513      *ZZ*MEDBOSSC       *210821*0704*^*00501*863828566*0*P*:~GS*HP*330897513*MEDBOSSC*20210821*0704*863828566*X*005010X221A1~ST*835*0001~BPR*I*156.57*C*ACH*CCP*01*043301627*DA*1077670664*1571132733*000000000*01*321370765*DA*8102075433*20210824~TRN*1*5654494231TR1*1571132733*000000000~REF*EV*7GW0013CA3~REF*F2*1588011043    R88010819002475~DTM*405*20210819~N1*PR*PGBA,LLC~N3*TRICARE WEST REGION CLAIMS*P.O. BOX 202112~N4*FLORENCE*SC*295022112~PER*CX*TRICARE WEST REGION CLAIMS CORRESPONDENCE*TE*8448669378~PER*BL*TRICARE ELECTRONIC CLAIMS SERVICE CENTER*TE*8003255920~N1*PE*SERENITY COUNSELING SERVICES H*XX*1588011043~N3*SUITE 201*99-149 MOANALUA RD~N4*AIEA*HI*96701~REF*TJ*812344400~LX*1~CLP*870-1978*1*220*156.57**CH*H2294038K0000*11*1~NM1*QC*1*HUFF*KERSTAIN*A***HN*870-1978~NM1*IL*1*HUFF*ANTWON*W***MI*260991311~DTM*050*20210817~AMT*AU*156.57~SVC*HC:90792:95*220*156.57~DTM*472*20210611~CAS*CO*45*63.43~AMT*B6*156.57~LX*2~CLP*790-2854*1*120*0**CH*H230X297J0000*02*1~NM1*QC*1*TIMOTHY*SCOTT****HN*790-2854~NM1*IL*1*TIMOTHY*SCOTT****MI*01476824301~NM1*82*1*PLAYTER*AILEEN*T***XX*1013394097~REF*1H*575843780~DTM*050*20210818~SVC*HC:90834:95*120*0~DTM*472*20210712~CAS*CO*16*120~REF*6R*994790-2854~LQ*HE*N382~SE*38*0001~GE*1*863828566~IEA*1*863828566~