ISA*00*          *00*          *ZZ*330897513      *ZZ*MEDBOSSC       *210723*0810*^*00501*854379906*0*P*:~GS*HP*330897513*MEDBOSSC*20210723*0810*854379906*X*005010X221A1~ST*835*0001~BPR*I*340*C*ACH*CCP*01*051404260*DA*252781161*1541414194**01*321370765*DA*8102075433*20210726~TRN*1*0000517848*1541414194~N1*PR*BEACON HEALTH OPTIONS, INC.~N3*ATTN FINANCE DEPT~N4*NORFOLK*VA*23502~REF*2U*FDX~PER*BL*VALUEOPTIONS EDI HELPDESK*TE*8882479311*EM*ESUPPORTSERVICES@VALUEOPTIONS.COM~N1*PE*SERENITY COUNSELING SERVICES H*XX*1699008045~N3*10641 WINDSMONT CT~N4*LEHIGH ACRES*FL*339367268~REF*TJ*812344400~LX*1~CLP*0*1*85*85**13*06   071621 04065 00354*11~NM1*QC*1*GUMBS*KISHMA****MI*1132101~NM1*IL*1*GUMBS*KISHMA****MI*1132101~NM1*82*2*LINARES, DAVID*****XX*1699008045~REF*1W*1132101~REF*1J*E824169~SVC*HC:AEA:60*85*85~DTM*472*20210716~REF*6R*001~AMT*B6*85~CLP*0*1*85*85**13*06   071621 04065 00339*11~NM1*QC*1*HANSON*DANE*M***MI*804114~NM1*IL*1*HANSON*DANE*M***MI*804114~NM1*82*2*LINARES, DAVID*****XX*1699008045~REF*1W*804114~REF*1J*E824169~SVC*HC:AEA:60*85*85~DTM*472*20210716~REF*6R*001~AMT*B6*85~CLP*0*1*85*85**13*06   071921 04065 00278*11~NM1*QC*1*MASSEY*TIANA*L***MI*1016928~NM1*IL*1*MASSEY*TIANA*L***MI*1016928~NM1*82*2*LINARES, DAVID*****XX*1699008045~REF*1W*1016928~REF*1J*E824169~SVC*HC:AEA:60*85*85~DTM*472*20210719~REF*6R*001~AMT*B6*85~CLP*0*1*85*85**13*06   071621 04065 00327*11~NM1*QC*1*NORMAN*TRISTON*F***MI*1074395~NM1*IL*1*NORMAN*TRISTON*F***MI*1074395~NM1*82*2*LINARES, DAVID*****XX*1699008045~REF*1W*1074395~REF*1J*E824169~SVC*HC:AEA:60*85*85~DTM*472*20210716~REF*6R*001~AMT*B6*85~SE*54*0001~ST*835*0002~BPR*I*425*C*ACH*CCP*01*051404260*DA*252781161*1541414194**01*321370765*DA*8102075433*20210726~TRN*1*0000518296*1541414194~N1*PR*BEACON HEALTH OPTIONS, INC.~N3*ATTN FINANCE DEPT~N4*NORFOLK*VA*23502~REF*2U*FDX~PER*BL*VALUEOPTIONS EDI HELPDESK*TE*8882479311*EM*ESUPPORTSERVICES@VALUEOPTIONS.COM~N1*PE*SERENITY COUNSELING SERVICES H*XX*1699008045~N3*10641 WINDSMONT CT~N4*LEHIGH ACRES*FL*339367268~REF*TJ*812344400~LX*1~CLP*0*1*85*85**13*06   071721 04065 00191*11~NM1*QC*1*GAITHER*ANDREW*J***MI*1102587~NM1*IL*1*GAITHER*ANDREW*J***MI*1102587~NM1*82*2*LINARES, DAVID*****XX*1699008045~REF*1W*1102587~REF*1J*E824169~SVC*HC:AEA:60*85*85~DTM*472*20210717~REF*6R*001~AMT*B6*85~CLP*0*1*85*85**13*06   071721 04065 00207*11~NM1*QC*1*MATHIS*JAMISON*L***MI*985245~NM1*IL*1*MATHIS*JAMISON*L***MI*985245~NM1*82*2*LINARES, DAVID*****XX*1699008045~REF*1W*985245~REF*1J*E824169~SVC*HC:AEA:60*85*85~DTM*472*20210717~REF*6R*001~AMT*B6*85~CLP*0*1*85*85**13*06   071621 04065 00351*11~NM1*QC*1*NOZAKI*SCOTT*F***MI*1114819~NM1*IL*1*NOZAKI*SCOTT*F***MI*1114819~NM1*82*2*LINARES, DAVID*****XX*1699008045~REF*1W*1114819~REF*1J*E824169~SVC*HC:AEA:60*85*85~DTM*472*20210716~REF*6R*001~AMT*B6*85~CLP*0*1*85*85**13*06   071921 04065 00401*11~NM1*QC*1*NOZAKI*SCOTT*F***MI*1114819~NM1*IL*1*NOZAKI*SCOTT*F***MI*1114819~NM1*82*2*LINARES, DAVID*****XX*1699008045~REF*1W*1114819~REF*1J*E824169~SVC*HC:AEA:60*85*85~DTM*472*20210719~REF*6R*001~AMT*B6*85~CLP*0*1*85*85**13*06   071721 04065 00212*11~NM1*QC*1*SMELSER*CHRISTIAN*D***MI*178331~NM1*IL*1*SMELSER*CHRISTIAN*D***MI*178331~NM1*82*2*LINARES, DAVID*****XX*1699008045~REF*1W*178331~REF*1J*E824169~SVC*HC:AEA:60*85*85~DTM*472*20210717~REF*6R*001~AMT*B6*85~SE*64*0002~ST*835*0003~BPR*I*170*C*ACH*CCP*01*051404260*DA*252781161*1541414194**01*321370765*DA*8102075433*20210726~TRN*1*0000518739*1541414194~N1*PR*BEACON HEALTH OPTIONS, INC.~N3*ATTN FINANCE DEPT~N4*NORFOLK*VA*23502~REF*2U*FDX~PER*BL*VALUEOPTIONS EDI HELPDESK*TE*8882479311*EM*ESUPPORTSERVICES@VALUEOPTIONS.COM~N1*PE*SERENITY COUNSELING SERVICES H*XX*1699008045~N3*10641 WINDSMONT CT~N4*LEHIGH ACRES*FL*339367268~REF*TJ*812344400~LX*1~CLP*0*1*85*85**13*06   071621 04065 00251*11~NM1*QC*1*MATERIALE*KATELYN*N***MI*1124663~NM1*IL*1*MATERIALE*KATELYN*N***MI*1124663~NM1*82*2*LINARES, DAVID*****XX*1699008045~REF*1W*1124663~REF*1J*E824169~SVC*HC:AEA:60*85*85~DTM*472*20210716~REF*6R*001~AMT*B6*85~CLP*0*1*85*85**13*06   071921 04065 00483*11~NM1*QC*1*WALKER*TIMOTHEY*R***MI*1091678~NM1*IL*1*WALKER*TIMOTHEY*R***MI*1091678~NM1*82*2*LINARES, DAVID*****XX*1699008045~REF*1W*1091678~REF*1J*E824169~SVC*HC:AEA:60*85*85~DTM*472*20210719~REF*6R*001~AMT*B6*85~SE*34*0003~GE*3*854379906~IEA*1*854379906~