ISA*00*          *00*          *ZZ*330897513      *ZZ*MEDBOSSC       *211117*0722*^*00501*893257096*0*P*:~GS*HP*330897513*MEDBOSSC*20211117*0722*893257096*X*005010X221A1~ST*835*0001~BPR*I*35.17*C*ACH*CCP*01*043301627*DA*1077670664*1571132733*000000000*01*321370765*DA*8102075433*20211109~TRN*1*5085526308TR2*1571132733*000000000~REF*EV*7GW0013CA3~REF*F2*1588011043    R88011104003568~DTM*405*20211104~N1*PR*PGBA,LLC~N3*TRICARE WEST REGION CLAIMS*P.O. BOX 202112~N4*FLORENCE*SC*295022112~PER*CX*TRICARE WEST REGION CLAIMS CORRESPONDENCE*TE*8448669378~PER*BL*TRICARE ELECTRONIC CLAIMS SERVICE CENTER*TE*8003255920~N1*PE*SERENITY COUNSELING SERVICES*XX*1588011043~N3*201*99-149 MOANALUA RD~N4*AIEA*HI*96701~REF*TJ*812344400~LX*1~CLP*2019-6116*1*120*0*70.34*CH*H307X3WWG0000*02*1~NM1*QC*1*BRINDLEY*ELIZABETH*A***HN*2019-6116~NM1*IL*1*BRINDLEY*CHRISTOPHER*W***MI*519133611~NM1*82*1*FERREIRA*LORI****XX*1811143126~REF*1H*576766277~DTM*050*20211103~AMT*AU*70.34~SVC*HC:90834:95*120*0~DTM*472*20211102~CAS*CO*242*49.66~CAS*PR*1*70.34~REF*6R*9242019-6116~AMT*B6*70.34~LQ*HE*N212~LX*2~CLP*575-6029*1*120*35.17*35.17*CH*H307X3WWH0000*02*1~NM1*QC*1*TEASLEY*SHAWN*D***HN*575-6029~NM1*IL*1*TEASLEY*SHAWN*D***MI*168569361~DTM*050*20211103~AMT*AU*70.34~SVC*HC:90834:95*120*35.17~DTM*472*20211101~CAS*CO*242*49.66~CAS*PR*2*35.17~REF*6R*928575-6029~AMT*B6*70.34~LQ*HE*N212~SE*44*0001~ST*835*0002~BPR*I*229.6*C*ACH*CCP*01*043301627*DA*1077670664*1571132733*000000000*01*321370765*DA*8102075433*20211118~TRN*1*5101604319TR2*1571132733*000000000~REF*EV*7GW0013CA3~REF*F2*1588011043    R88011115004429~DTM*405*20211115~N1*PR*PGBA,LLC~N3*TRICARE WEST REGION CLAIMS*P.O. BOX 202112~N4*FLORENCE*SC*295022112~PER*CX*TRICARE WEST REGION CLAIMS CORRESPONDENCE*TE*8448669378~PER*BL*TRICARE ELECTRONIC CLAIMS SERVICE CENTER*TE*8003255920~N1*PE*SERENITY COUNSELING SERVICES*XX*1588011043~N3*201*99-149 MOANALUA RD~N4*AIEA*HI*96701~REF*TJ*812344400~LX*1~CLP*2034-6410*1*150*51.98*51.98*CH*H316X43XB0000*02*1~NM1*QC*1*REINHARDT*MICHELLE*R***HN*2034-6410~NM1*IL*1*COX*JAMES*R***MI*405355700~NM1*82*1*PLAYTER*AILEEN*T***XX*1013394097~REF*1H*575843780~DTM*050*20211112~AMT*AU*103.96~SVC*HC:90837:95*150*51.98~DTM*472*20211111~CAS*CO*242*46.04~CAS*PR*2*51.98~REF*6R*2752034-6410~AMT*B6*103.96~LQ*HE*N212~LX*2~CLP*2034-6412*1*150*51.98*51.98*CH*H316X43XC0000*02*1~NM1*QC*1*REINHARDT*MICHELLE*R***HN*2034-6412~NM1*IL*1*COX*JAMES*R***MI*405355700~NM1*82*1*PLAYTER*AILEEN*T***XX*1013394097~REF*1H*575843780~DTM*050*20211112~AMT*AU*103.96~SVC*HC:90837:95*150*51.98~DTM*472*20211104~CAS*CO*242*46.04~CAS*PR*2*51.98~REF*6R*2762034-6412~AMT*B6*103.96~LQ*HE*N212~LX*3~CLP*2070-6415*1*150*51.98*51.98*CH*H316X43X40000*02*1~NM1*QC*1*MORRIS*JESSICA*D***HN*2070-6415~NM1*IL*1*MORRIS*LUKE*R***MI*623709077~NM1*82*1*PLAYTER*AILEEN*T***XX*1013394097~REF*1H*575843780~DTM*050*20211112~AMT*AU*103.96~SVC*HC:90837:95*150*51.98~DTM*472*20211104~CAS*CO*242*46.04~CAS*PR*2*51.98~REF*6R*3782070-6415~AMT*B6*103.96~LQ*HE*N212~LX*4~CLP*2070-6417*1*150*51.98*51.98*CH*H316X43X50000*02*1~NM1*QC*1*MORRIS*JESSICA*D***HN*2070-6417~NM1*IL*1*MORRIS*LUKE*R***MI*623709077~NM1*82*1*PLAYTER*AILEEN*T***XX*1013394097~REF*1H*575843780~DTM*050*20211112~AMT*AU*103.96~SVC*HC:90837:95*150*51.98~DTM*472*20211111~CAS*CO*242*46.04~CAS*PR*2*51.98~REF*6R*3792070-6417~AMT*B6*103.96~LQ*HE*N212~LX*5~CLP*400-6409*1*220*21.68*114.13*CH*H316X43X70000*02*1~NM1*QC*1*ALEXANDER*SANDRA*A***HN*400-6409~NM1*IL*1*ALEXANDER*TITO*L***MI*463937671~DTM*050*20211112~AMT*AU*135.81~SVC*HC:90792:95*220*21.68~DTM*472*20211111~CAS*CO*242*84.19~CAS*PR*1*92.46**2*21.67~REF*6R*381400-6409~AMT*B6*135.81~LQ*HE*N212~SE*89*0002~GE*2*893257096~IEA*1*893257096~