ISA*00*          *00*          *ZZ*330897513      *ZZ*MEDBOSSC       *210714*0723*^*00501*851238141*0*P*:~GS*HP*330897513*MEDBOSSC*20210714*0723*851238141*X*005010X221A1~ST*835*0001~BPR*I*1408.56*C*CHK************20210713~TRN*1*0010579600TR1*1571132733~REF*EV*7GW0013CA3~REF*F2*1588011043    R88010713007839~DTM*405*20210713~N1*PR*PGBA,LLC~N3*TRICARE WEST REGION CLAIMS*P.O. BOX 202112~N4*FLORENCE*SC*295022112~PER*CX*TRICARE WEST REGION CLAIMS CORRESPONDENCE*TE*8448669378~PER*BL*TRICARE ELECTRONIC CLAIMS SERVICE CENTER*TE*8003255920~N1*PE*AIEA TOWN SQUARE*XX*1588011043~N3*99-149 MOANALUA RD.~N4*AIEA*HI*96701~REF*TJ*812344400~LX*1~CLP*928491484*1*145*78.69**CH*H186X00GY0000*11*1~NM1*QC*1*MEACHUM*DANIELLE*E***HN*928491484~NM1*IL*1*MEACHUM*BRIAN*G***MI*556831137~DTM*050*20210705~AMT*AU*78.69~SVC*HC:90846:95*145*78.69~DTM*472*20210221~CAS*CO*45*66.31~REF*6R*928924911~AMT*B6*78.69~LX*2~CLP*928491485*1*150*81.41**CH*H186X00GZ0000*11*1~NM1*QC*1*MEACHUM*DANIELLE*E***HN*928491485~NM1*IL*1*MEACHUM*BRIAN*G***MI*556831137~DTM*050*20210705~AMT*AU*81.41~SVC*HC:90847:95*150*81.41~DTM*472*20210228~CAS*CO*45*68.59~REF*6R*928924912~AMT*B6*81.41~LX*3~CLP*92815038*1*150*0**CH*H186X00H00000*11*1~NM1*QC*1*PASCHALL*BRAYDEN*L***HN*92815038~NM1*IL*1*PASCHALL*JASON*S***MI*624427784~NM1*82*1*PLAYTER*AILEEN*T***XX*1013394097~REF*1H*575843780~DTM*050*20210705~SVC*HC:90847:95*150*0~DTM*472*20200818~CAS*CO*197*150~REF*6R*92820597~LX*4~CLP*928529599*1*150*78.14**CH*H186X00H10000*11*1~NM1*QC*1*ROSENBERG*ERICA*D***HN*928529599~NM1*IL*1*ROSENBERG*ROBERT*E***MI*534849523~NM1*82*1*QUAY*MICHAEL****XX*1669002457~REF*1H*256945192~DTM*050*20210705~AMT*AU*78.14~SVC*HC:90847:95*150*78.14~DTM*472*20210321~CAS*CO*45*71.86~REF*6R*928990223~AMT*B6*78.14~LX*5~CLP*870-1978*1*220*0**CH*H187X005W0000*11*1~NM1*QC*1*HUFF*KERSTAIN*A***HN*870-1978~NM1*IL*1*HUFF*ANTWON*W***MI*260991311~DTM*050*20210706~SVC*HC:90792:95*220*0~DTM*472*20210611~CAS*CO*22*220~REF*6R*805623564L882224361~LQ*HE*N245~LX*6~CLP*575-212*1*120*79.64**CH*H187401GQ0000*11*1~NM1*QC*1*TEASLEY*SHAWN*D***HN*575-212~NM1*IL*1*TEASLEY*SHAWN*D***MI*168569361~DTM*050*20210706~AMT*AU*79.64~SVC*HC:90834:95*120*79.64~DTM*472*20210411~CAS*CO*45*40.36~AMT*B6*79.64~LX*7~CLP*928448355*1*120*79.64**CH*H187401G90000*11*1~NM1*QC*1*TEASLEY*SHAWN*D***HN*928448355~NM1*IL*1*TEASLEY*SHAWN*D***MI*168569361~DTM*050*20210706~AMT*AU*79.64~SVC*HC:90834:95*120*79.64~DTM*472*20210404~CAS*CO*45*40.36~AMT*B6*79.64~LX*8~CLP*575-1220*1*120*79.64**CH*H187401KS0000*11*1~NM1*QC*1*TEASLEY*SHAWN*D***HN*575-1220~NM1*IL*1*TEASLEY*SHAWN*D***MI*168569361~DTM*050*20210706~AMT*AU*79.64~SVC*HC:90834:95*120*79.64~DTM*472*20210523~CAS*CO*45*40.36~AMT*B6*79.64~LX*9~CLP*928522770*1*150*0**CH*H189X04GN0000*11*1~NM1*QC*1*MCGILL*LISA****HN*928522770~NM1*IL*1*MCGILL*LISA****MI*01512871801~NM1*82*1*WATERS*LORI*M***XX*1760854152~REF*1H*524943302~DTM*050*20210708~SVC*HC:90847:95*150*0~DTM*472*20210321~CAS*CO*16*150~REF*6R*928978617~LQ*HE*N382~LX*10~CLP*928444492*1*175*0**CH*H189X04GP0000*11*1~NM1*QC*1*MCGILL*LISA****HN*928444492~NM1*IL*1*MCGILL*LISA****MI*01512871801~NM1*82*1*WATERS*LORI*M***XX*1760854152~REF*1H*524943302~DTM*050*20210708~SVC*HC:90837:95*175*0~DTM*472*20210318~CAS*CO*16*175~REF*6R*928844101~LQ*HE*N382~LX*11~CLP*928447694*1*175*0**CH*H189X04GQ0000*11*1~NM1*QC*1*MCGILL*LISA****HN*928447694~NM1*IL*1*MCGILL*LISA****MI*01512871801~NM1*82*1*WATERS*LORI*M***XX*1760854152~REF*1H*524943302~DTM*050*20210708~SVC*HC:90837:95*175*0~DTM*472*20210325~CAS*CO*16*175~REF*6R*928849217~LQ*HE*N382~LX*12~CLP*928529603*1*190*0**CH*H189X04GS0000*11*1~NM1*QC*1*MCGILL*LISA****HN*928529603~NM1*IL*1*MCGILL*LISA****MI*01512871801~NM1*82*1*QUAY*MICHAEL****XX*1669002457~REF*1H*256945192~DTM*050*20210708~SVC*HC:90791:95*190*0~DTM*472*20210314~CAS*CO*16*190~REF*6R*928990229~LQ*HE*N382~LX*13~CLP*928530258*1*150*0**CH*H189X04GT0000*11*1~NM1*QC*1*MCGILL*LISA****HN*928530258~NM1*IL*1*MCGILL*LISA****MI*01512871801~NM1*82*1*QUAY*MICHAEL****XX*1669002457~REF*1H*256945192~DTM*050*20210708~SVC*HC:90847:95*150*0~DTM*472*20210404~CAS*CO*16*150~REF*6R*928992194~LQ*HE*N382~LX*14~CLP*608-911*1*120*78.14**CH*H189X4MBB0000*11*1~NM1*QC*1*ATWATER*ELIZABETH*A***HN*608-911~NM1*IL*1*ATWATER*GRAHAM*D***MI*601788051~DTM*050*20210708~AMT*AU*78.14~SVC*HC:90847:95*120*78.14~DTM*472*20210508~CAS*CO*45*41.86~REF*6R*037608-911~AMT*B6*78.14~LX*15~CLP*608-981*1*120*79.64**CH*H189X4MBC0000*11*1~NM1*QC*1*ATWATER*ELIZABETH*A***HN*608-981~NM1*IL*1*ATWATER*GRAHAM*D***MI*601788051~DTM*050*20210708~AMT*AU*79.64~SVC*HC:90834:95*120*79.64~DTM*472*20210515~CAS*CO*45*40.36~REF*6R*040608-981~AMT*B6*79.64~LX*16~CLP*608-1216*1*120*79.64**CH*H189X4MBD0000*11*1~NM1*QC*1*ATWATER*ELIZABETH*A***HN*608-1216~NM1*IL*1*ATWATER*GRAHAM*D***MI*601788051~DTM*050*20210708~AMT*AU*79.64~SVC*HC:90834:95*120*79.64~DTM*472*20210522~CAS*CO*45*40.36~REF*6R*042608-1216~AMT*B6*79.64~LX*17~CLP*608-1732*1*120*79.64**CH*H189X4MBF0000*11*1~NM1*QC*1*ATWATER*ELIZABETH*A***HN*608-1732~NM1*IL*1*ATWATER*GRAHAM*D***MI*601788051~DTM*050*20210708~AMT*AU*79.64~SVC*HC:90834:95*120*79.64~DTM*472*20210529~CAS*CO*45*40.36~REF*6R*045608-1732~AMT*B6*79.64~LX*18~CLP*608-1838*1*120*75.5**CH*H189X4MBG0000*11*1~NM1*QC*1*ATWATER*ELIZABETH*A***HN*608-1838~NM1*IL*1*ATWATER*GRAHAM*D***MI*601788051~DTM*050*20210708~AMT*AU*75.5~SVC*HC:90846:95*120*75.5~DTM*472*20210605~CAS*CO*45*44.5~REF*6R*049608-1838~AMT*B6*75.5~LX*19~CLP*608-1985*1*120*78.14**CH*H189X4MBH0000*11*1~NM1*QC*1*ATWATER*ELIZABETH*A***HN*608-1985~NM1*IL*1*ATWATER*GRAHAM*D***MI*601788051~DTM*050*20210708~AMT*AU*78.14~SVC*HC:90847:95*120*78.14~DTM*472*20210612~CAS*CO*45*41.86~REF*6R*051608-1985~AMT*B6*78.14~LX*20~CLP*608-2134*1*120*79.64**CH*H189X4MBJ0000*11*1~NM1*QC*1*ATWATER*ELIZABETH*A***HN*608-2134~NM1*IL*1*ATWATER*GRAHAM*D***MI*601788051~DTM*050*20210708~AMT*AU*79.64~SVC*HC:90834:95*120*79.64~DTM*472*20210619~CAS*CO*45*40.36~REF*6R*053608-2134~AMT*B6*79.64~LX*21~CLP*608-448*1*120*79.64**CH*H189X4MB70000*11*1~NM1*QC*1*ATWATER*ELIZABETH*A***HN*608-448~NM1*IL*1*ATWATER*GRAHAM*D***MI*601788051~DTM*050*20210708~AMT*AU*79.64~SVC*HC:90834:95*120*79.64~DTM*472*20210416~CAS*CO*45*40.36~REF*6R*031608-448~AMT*B6*79.64~LX*22~CLP*608-680*1*120*78.14**CH*H189X4MB80000*11*1~NM1*QC*1*ATWATER*ELIZABETH*A***HN*608-680~NM1*IL*1*ATWATER*GRAHAM*D***MI*601788051~DTM*050*20210708~AMT*AU*78.14~SVC*HC:90847:95*120*78.14~DTM*472*20210423~CAS*CO*45*41.86~REF*6R*033608-680~AMT*B6*78.14~LX*23~CLP*608-839*1*120*78.14**CH*H189X4MB90000*11*1~NM1*QC*1*ATWATER*ELIZABETH*A***HN*608-839~NM1*IL*1*ATWATER*GRAHAM*D***MI*601788051~DTM*050*20210708~AMT*AU*78.14~SVC*HC:90847:95*120*78.14~DTM*472*20210430~CAS*CO*45*41.86~REF*6R*035608-839~AMT*B6*78.14~LX*24~CLP*92823120*1*120*72.57**CH*H190X04320000*11*1~NM1*QC*1*ALEXANDER*SANDRA*A***HN*92823120~NM1*IL*1*ALEXANDER*TITO*L***MI*463937671~DTM*050*20210709~AMT*AU*72.57~SVC*HC:90834:95*120*72.57~DTM*472*20200825~CAS*CO*45*47.43~REF*6R*92836154~AMT*B6*72.57~LX*25~CLP*92840959*1*120*72.57**CH*H190X04340000*11*1~NM1*QC*1*ALEXANDER*SANDRA*A***HN*92840959~NM1*IL*1*ALEXANDER*TITO*L***MI*463937671~DTM*050*20210709~AMT*AU*72.57~SVC*HC:90834:95*120*72.57~DTM*472*20200901~CAS*CO*45*47.43~REF*6R*92869773~AMT*B6*72.57~LX*26~CLP*928274839*1*120*0**CH*H191X04P60000*11*1~NM1*QC*1*ATWATER*ELIZABETH*A***HN*928274839~NM1*IL*1*ATWATER*GRAHAM*D***MI*601788051~NM1*82*1*PLAYTER*AILEEN*T***XX*1013394097~REF*1H*575843780~DTM*050*20210710~SVC*HC:90834*120*0~DTM*472*20210114~CAS*CO*197*120~REF*6R*928527893~LX*27~CLP*5654593202*1*175*0**CH*H193X00QF0000*11*1~NM1*QC*1*ETHERIDGE*MARY*E***HN*5654593202~NM1*IL*1*ETHERIDGE*CHARLES*M***MI*229539428~DTM*050*20210712~SVC*HC:90837*175*0~DTM*472*20200201~CAS*CO*29*175~REF*6R*56530288009~LQ*HE*N30~LX*28~CLP*5654619156*1*175*0**CH*H193X00QG0000*11*1~NM1*QC*1*ETHERIDGE*MARY*E***HN*5654619156~NM1*IL*1*ETHERIDGE*CHARLES*M***MI*229539428~DTM*050*20210712~SVC*HC:90837*175*0~DTM*472*20200222~CAS*CO*29*175~REF*6R*56530338669~LQ*HE*N30~PLB*812344400*20211231*WO:52118810521  0010262432 TA1*235.2*72:52118810521  0010262432 TA1*-235.2*WO:52118810515  0010534669 TR1*474.12*72:52118810515  0010534669 TR1*-474.12~SE*326*0001~ST*835*0002~BPR*I*64.52*C*CHK************20210714~TRN*1*0010291780TA1*1571132733~REF*EV*7GW0013CA3~REF*F2*1588011043    R88010713013028~DTM*405*20210713~N1*PR*PGBA,LLC~N3*TRICARE WEST REGION CLAIMS*P.O. BOX 202112~N4*FLORENCE*SC*295022112~PER*CX*TRICARE WEST REGION CLAIMS CORRESPONDENCE*TE*8448669378~PER*BL*TRICARE ELECTRONIC CLAIMS SERVICE CENTER*TE*8003255920~N1*PE*AIEA TOWN SQUARE*XX*1588011043~N3*99-149 MOANALUA RD.~N4*AIEA*HI*96701~REF*TJ*812344400~LX*1~CLP*5654784952*1*120*64.52**CH*H1824045L0000*02*1~NM1*QC*1*BRANDWEIN*EDWARD*P***HN*5654784952~DTM*050*20210701~AMT*AU*64.52~SVC*HC:90834:95*120*64.52~DTM*472*20200609~CAS*CO*45*55.48~AMT*B6*64.52~LQ*HE*N45~LX*2~CLP*928491429*1*175*0**CH*H187X0V340000*11*1~NM1*QC*1*KOTICH*MICHAEL*A***HN*928491429~NM1*82*1*PLAYTER*AILEEN*T***XX*1013394097~REF*1H*575843780~DTM*050*20210706~SVC*HC:90837:95*175*0~DTM*472*20210429~CAS*CO*197*175~REF*6R*928924837~LX*3~CLP*928499171*1*175*0**CH*H187X0V370000*11*1~NM1*QC*1*KOTICH*MICHAEL*A***HN*928499171~NM1*82*1*PLAYTER*AILEEN*T***XX*1013394097~REF*1H*575843780~DTM*050*20210706~SVC*HC:90837:95*175*0~DTM*472*20210504~CAS*CO*197*175~REF*6R*928937953~LX*4~CLP*5654492891*1*120*0**CH*H189X04GR0000*11*1~NM1*QC*1*YOUNG*JOHN*A***HN*5654492891~DTM*050*20210708~SVC*HC:90834*120*0~DTM*472*20191205~CAS*CO*18*120~REF*6R*56530088088~LQ*HE*N522~LX*5~CLP*5654504988*1*190*0**CH*H190X04330000*11*1~NM1*QC*1*YOUNG*JOHN*A***HN*5654504988~DTM*050*20210709~SVC*HC:90791*190*0~DTM*472*20191114~CAS*CO*18*190~REF*6R*56530113170~LQ*HE*N522~LX*6~CLP*5654414779*1*120*0**CH*H193X0GCR0000*11*1~NM1*QC*1*PUVA*LUVIN****HN*5654414779~NM1*IL*1*PUVA*LUVIN****MI*01485437101~DTM*050*20210712~SVC*HC:90834*120*0~DTM*472*20191006~CAS*CO*16*120~REF*6R*56529925771~LQ*HE*N382~SE*74*0002~GE*2*851238141~IEA*1*851238141~