ISA*00*          *00*          *ZZ*330897513      *ZZ*MEDBOSSC       *210709*1203*^*00501*849733153*0*P*:~GS*HP*330897513*MEDBOSSC*20210709*1203*849733153*X*005010X221A1~ST*835*0001~BPR*I*425*C*ACH*CCP*01*051404260*DA*252781161*1541414194**01*321370765*DA*8102075433*20210712~TRN*1*0000515654*1541414194~N1*PR*BEACON HEALTH OPTIONS, INC.~N3*ATTN FINANCE DEPT~N4*NORFOLK*VA*23502~REF*2U*FDX~PER*BL*VALUEOPTIONS EDI HELPDESK*TE*8882479311*EM*ESUPPORTSERVICES@VALUEOPTIONS.COM~N1*PE*SERENITY COUNSELING SERVICES H*XX*1699008045~N3*10641 WINDSMONT CT~N4*LEHIGH ACRES*FL*339367268~REF*TJ*812344400~LX*1~CLP*0*1*85*85**13*06   070221 04065 00297*11~NM1*QC*1*HAGAR*CHELSEA*R***MI*1113298~NM1*IL*1*HAGAR*CHELSEA*R***MI*1113298~NM1*82*2*LINARES, DAVID*****XX*1699008045~REF*1W*1113298~REF*1J*E824169~SVC*HC:AEA:60*85*85~DTM*472*20210702~REF*6R*001~AMT*B6*85~CLP*0*1*85*85**13*06   070321 04065 00158*11~NM1*QC*1*MATHIS*JAMISON*L***MI*985245~NM1*IL*1*MATHIS*JAMISON*L***MI*985245~NM1*82*2*LINARES, DAVID*****XX*1699008045~REF*1W*985245~REF*1J*E824169~SVC*HC:AEA:60*85*85~DTM*472*20210703~REF*6R*001~AMT*B6*85~CLP*0*1*85*85**13*06   070221 04065 00357*11~NM1*QC*1*NOZAKI*SCOTT*F***MI*1114819~NM1*IL*1*NOZAKI*SCOTT*F***MI*1114819~NM1*82*2*LINARES, DAVID*****XX*1699008045~REF*1W*1114819~REF*1J*E824169~SVC*HC:AEA:60*85*85~DTM*472*20210702~REF*6R*001~AMT*B6*85~CLP*0*1*85*85**13*06   070421 04065 00003*11~NM1*QC*1*RIGGINS*JESSICA*R***MI*1127754~NM1*IL*1*RIGGINS*JESSICA*R***MI*1127754~NM1*82*2*LINARES, DAVID*****XX*1699008045~REF*1W*1127754~REF*1J*E824169~SVC*HC:AEA:60*85*85~DTM*472*20210703~REF*6R*001~AMT*B6*85~CLP*0*4*60*0**13*06   070221 04065 00242*11~NM1*QC*1*SHARPE*NORMAN****MI*1127728~NM1*IL*1*SHARPE*NORMAN****MI*1127728~NM1*82*2*LINARES, DAVID*****XX*1699008045~REF*1W*1127728~REF*1J*E824169~SVC*HC:AEA:60*60*0~DTM*472*20210702~CAS*CO*16*60~REF*6R*001~LQ*HE*N54~CLP*0*1*85*85**13*06   070621 04065 00008*11~NM1*QC*1*TOVAR*JOSHUA*L***MI*259492~NM1*IL*1*TOVAR*JOSHUA*L***MI*259492~NM1*82*2*LINARES, DAVID*****XX*1699008045~REF*1W*259492~REF*1J*E824169~SVC*HC:AEA:60*85*85~DTM*472*20210705~REF*6R*001~AMT*B6*85~SE*75*0001~ST*835*0002~BPR*I*85*C*ACH*CCP*01*051404260*DA*252781161*1541414194**01*321370765*DA*8102075433*20210712~TRN*1*0000516028*1541414194~N1*PR*BEACON HEALTH OPTIONS, INC.~N3*ATTN FINANCE DEPT~N4*NORFOLK*VA*23502~REF*2U*FDX~PER*BL*VALUEOPTIONS EDI HELPDESK*TE*8882479311*EM*ESUPPORTSERVICES@VALUEOPTIONS.COM~N1*PE*SERENITY COUNSELING SERVICES H*XX*1699008045~N3*10641 WINDSMONT CT~N4*LEHIGH ACRES*FL*339367268~REF*TJ*812344400~LX*1~CLP*0*4*60*0**13*06   070321 04065 00112*11~NM1*QC*1*BLACKMON*ARIA*B***MI*1026007~NM1*IL*1*BLACKMON*ARIA*B***MI*1026007~NM1*82*2*LINARES, DAVID*****XX*1699008045~REF*1W*1026007~REF*1J*E824169~SVC*HC:AEA:60*60*0~DTM*472*20210601~CAS*CO*16*60~REF*6R*001~LQ*HE*N54~CLP*0*1*85*85**13*06   070521 04065 00402*11~NM1*QC*1*WALKER*TIMOTHEY*R***MI*1091678~NM1*IL*1*WALKER*TIMOTHEY*R***MI*1091678~NM1*82*2*LINARES, DAVID*****XX*1699008045~REF*1W*1091678~REF*1J*E824169~SVC*HC:AEA:60*85*85~DTM*472*20210705~REF*6R*001~AMT*B6*85~SE*35*0002~ST*835*0003~BPR*I*85*C*ACH*CCP*01*051404260*DA*252781161*1541414194**01*321370765*DA*8102075433*20210712~TRN*1*0000515258*1541414194~N1*PR*BEACON HEALTH OPTIONS, INC.~N3*ATTN FINANCE DEPT~N4*NORFOLK*VA*23502~REF*2U*FDX~PER*BL*VALUEOPTIONS EDI HELPDESK*TE*8882479311*EM*ESUPPORTSERVICES@VALUEOPTIONS.COM~N1*PE*SERENITY COUNSELING SERVICES H*XX*1699008045~N3*10641 WINDSMONT CT~N4*LEHIGH ACRES*FL*339367268~REF*TJ*812344400~LX*1~CLP*0*1*85*85**13*06   070221 04065 00316*11~NM1*QC*1*NORMAN*TRISTON*F***MI*1074395~NM1*IL*1*NORMAN*TRISTON*F***MI*1074395~NM1*82*2*LINARES, DAVID*****XX*1699008045~REF*1W*1074395~REF*1J*E824169~SVC*HC:AEA:60*85*85~DTM*472*20210702~REF*6R*001~AMT*B6*85~SE*24*0003~GE*3*849733153~IEA*1*849733153~