ISA*00*          *00*          *ZZ*330897513      *ZZ*MEDBOSSC       *210901*0733*^*00501*867204642*0*P*:~GS*HP*330897513*MEDBOSSC*20210901*0733*867204642*X*005010X221A1~ST*835*0001~BPR*I*118.93*C*ACH*CCP*01*043301627*DA*1077670664*1571132733*000000000*01*321370765*DA*8102075433*20210902~TRN*1*5670226242TR1*1571132733*000000000~REF*EV*7GW0013CA3~REF*F2*1588011043    R88010830003832~DTM*405*20210830~N1*PR*PGBA,LLC~N3*TRICARE WEST REGION CLAIMS*P.O. BOX 202112~N4*FLORENCE*SC*295022112~PER*CX*TRICARE WEST REGION CLAIMS CORRESPONDENCE*TE*8448669378~PER*BL*TRICARE ELECTRONIC CLAIMS SERVICE CENTER*TE*8003255920~N1*PE*SERENITY COUNSELING SERVICES H*XX*1588011043~N3*SUITE 201*99-149 MOANALUA RD~N4*AIEA*HI*96701~REF*TJ*812344400~LX*1~CLP*881-2890*1*180*118.93**CH*H238X2JQ70000*02*1~NM1*QC*1*MATERIALE*KATELYN*N***HN*881-2890~NM1*IL*1*MATERIALE*GERARD*A***MI*219478387~NM1*82*1*PLAYTER*AILEEN*T***XX*1013394097~REF*1H*575843780~DTM*050*20210826~AMT*AU*118.93~SVC*HC:90791:95*180*118.93~DTM*472*20210712~CAS*CO*45*61.07~REF*6R*899881-2890~AMT*B6*118.93~LX*2~CLP*1943-3606*1*180*0*120.4*CH*H239X00390000*02*1~NM1*QC*1*STEPHENSON*CRYSTAL*A***HN*1943-3606~NM1*IL*1*STEPHENSON*NATHAN*R***MI*305902921~NM1*82*1*PLAYTER*AILEEN*T***XX*1013394097~REF*1H*575843780~DTM*050*20210827~AMT*AU*120.4~SVC*HC:90791:95*180*0~DTM*472*20210803~CAS*CO*242*59.6~CAS*PR*1*120.4~REF*6R*9121943-3606~AMT*B6*120.4~LQ*HE*N212~SE*44*0001~GE*1*867204642~IEA*1*867204642~