ISA*00*          *00*          *ZZ*330897513      *ZZ*MEDBOSSC       *210722*0243*^*00501*854147124*0*P*:~GS*HP*330897513*MEDBOSSC*20210722*0243*854147124*X*005010X221A1~ST*835*0001~BPR*I*536.95*C*ACH*CCP*01*121301015*DA*01-074628*1990040115**01*321370765*DA*81020-75433*20210722~TRN*1*695950*1990040115~N1*PR*HAWAII MEDICAL SERVICE ASSOCIATION~N3*P. O. BOX 2970~N4*HONOLULU*HI*96802~PER*BL*ETS*TE*8089486355~N1*PE*SERENITY COUNSELING SERVIC*XX*1588011043~N4*LEHIGH ACRES*FL*33936~REF*TJ*812344400~LX*1~CLP*928502702*1*175*0**12*47120211962004900*11*1~NM1*QC*1*PIERIS*SENECA****MI*MSJ60205871901~NM1*74*1******C*MSJ602058719~NM1*82*1*NATALIA A MATSUMOTO MFT*****XX*1427398312~DTM*232*20210417~SVC*HC:90837:95*175*0~CAS*OA*18*175~REF*6R*928943568~AMT*B6*107.39~CLP*928502916*1*175*0**12*47120211962005700*11*1~NM1*QC*1*PIERIS*SENECA****MI*MSJ60205871901~NM1*74*1******C*MSJ602058719~NM1*82*1*NATALIA A MATSUMOTO MFT*****XX*1427398312~DTM*232*20210410~SVC*HC:90837*175*0~CAS*OA*18*175~REF*6R*928943968~AMT*B6*107.39~CLP*928543208*1*175*107.39**12*47120211962005900*11*1~NM1*QC*1*PIERIS*SENECA****MI*MSJ60205871901~NM1*74*1******C*MSJ602058719~NM1*82*1*NATALIA A MATSUMOTO MFT*****XX*1427398312~DTM*232*20210502~AMT*AU*175~SVC*HC:90837:95*175*107.39~CAS*CO*45*67.61~REF*6R*9281014637~AMT*B6*107.39~CLP*928530397*1*175*107.39**12*47120211962007200*11*1~NM1*QC*1*PIERIS*SENECA****MI*MSJ60205871901~NM1*74*1******C*MSJ602058719~NM1*82*1*NATALIA A MATSUMOTO MFT*****XX*1427398312~DTM*232*20210425~AMT*AU*175~SVC*HC:90837:95*175*107.39~CAS*CO*45*67.61~REF*6R*928992410~AMT*B6*107.39~CLP*928502924*1*175*0**12*47120211962008300*11*1~NM1*QC*1*PIERIS*SENECA****MI*MSJ60205871901~NM1*74*1******C*MSJ602058719~NM1*82*1*NATALIA A MATSUMOTO MFT*****XX*1427398312~DTM*232*20210327~SVC*HC:90837*175*0~CAS*OA*18*175~REF*6R*928943978~AMT*B6*107.39~CLP*928599743*1*175*107.39**12*47120211962008500*11*1~NM1*QC*1*PIERIS*SENECA****MI*MSJ60205871901~NM1*74*1******C*MSJ602058719~NM1*82*1*NATALIA A MATSUMOTO MFT*****XX*1427398312~DTM*232*20210516~AMT*AU*175~SVC*HC:90837:95*175*107.39~CAS*CO*45*67.61~REF*6R*9281110596~AMT*B6*107.39~CLP*928599769*1*175*107.39**12*47120211962010700*11*1~NM1*QC*1*PIERIS*SENECA****MI*MSJ60205871901~NM1*74*1******C*MSJ602058719~NM1*82*1*NATALIA A MATSUMOTO MFT*****XX*1427398312~DTM*232*20210523~AMT*AU*175~SVC*HC:90837:95*175*107.39~CAS*CO*45*67.61~REF*6R*9281110625~AMT*B6*107.39~CLP*928502991*1*175*0**12*47120211962011100*11*1~NM1*QC*1*PIERIS*SENECA****MI*MSJ60205871901~NM1*74*1******C*MSJ602058719~NM1*82*1*NATALIA A MATSUMOTO MFT*****XX*1427398312~DTM*232*20210320~SVC*HC:90837*175*0~CAS*OA*18*175~REF*6R*928944102~AMT*B6*107.39~CLP*928543994*1*175*107.39**12*47120211962013100*11*1~NM1*QC*1*PIERIS*SENECA****MI*MSJ60205871901~NM1*74*1******C*MSJ602058719~NM1*82*1*NATALIA A MATSUMOTO MFT*****XX*1427398312~DTM*232*20210509~AMT*AU*175~SVC*HC:90837:95*175*107.39~CAS*CO*45*67.61~REF*6R*9281016316~AMT*B6*107.39~SE*98*0001~ST*835*0002~BPR*I*74.68*C*ACH*CCP*01*121301015*DA*01-015559*1990040115**01*321370765*DA*81020-75433*20210726~TRN*1*4171747*1990040115~N1*PR*HAWAII MEDICAL SERVICE ASSOCIATION~N3*P.O. BOX 1346~N4*HONOLULU*HI*96807~PER*BL*ETS*TE*8089486355~N1*PE*SERENITY COUNSELING SERVICES HAWAII*XX*1588011043~N3*10641 WINDSMOUNT CT~N4*LEHIGH ACRES*FL*33936~REF*TJ*812344400~LX*1~CLP*559-2878*1*120*74.68*30*12*F11196990831~NM1*QC*1*THOMAS*SARAH****MI*R60652621~NM1*IL*1*THOMAS*SARAH*E***MI*R60652621~NM1*82*1*LINARES*DAVID****XX*1699008045~DTM*232*20210712~AMT*AU*120~SVC*HC:90834:95*120*74.68~CAS*CO*45*15.32~CAS*PR*3*30~REF*6R*718559-2878~AMT*B6*104.68~SE*24*0002~ST*835*0003~BPR*I*557.06*C*ACH*CCP*01*121301015*DA*01076140*1990040115**01*321370765*DA*8102075433*20210722~TRN*1*1983812*1990040115~REF*F2*5.40~DTM*405*20210717~N1*PR*HAWAII MEDICAL SERVICE ASSOCIATION~N3*818 KEEAUMOKU ST~N4*HONOLULU*HI*96814~PER*BL*ETS*TE*8089486355~N1*PE*SERENITY COUNSELING SERVICES HAWAII LLC*XX*1588011043~REF*TJ*812344400~LX*1~CLP*928444071*1*190*0**MC*21195E000569*11~NM1*QC*1*PIERIS*SENECA****MI*0000595311~NM1*82*2*MATSUMOTO*****XX*1427398312~NM1*PR*2*OTHER (98)*****PI*QCR0000000238~DTM*232*20210307~DTM*233*20210307~DTM*050*20210713~SVC*HC:90791:95*190*0~CAS*CO*252*190~REF*6R*928843377~LQ*HE*N4~CLP*928444138*1*120*0**MC*21195E000821*11~NM1*QC*1*PIERIS*SENECA****MI*0000595311~NM1*82*2*MATSUMOTO*****XX*1427398312~NM1*PR*2*OTHER (98)*****PI*QCR0000000238~DTM*232*20210313~DTM*233*20210313~DTM*050*20210713~SVC*HC:90834:95*120*0~CAS*CO*252*120~REF*6R*928843461~LQ*HE*N4~CLP*725-2638*1*150*107.58**MC*21195E001732*02~NM1*QC*1*STEWART*STACEY****MI*0002147386~NM1*74*1***R~NM1*82*2*PLAYTER*****XX*1013394097~DTM*232*20210706~DTM*233*20210706~DTM*050*20210713~AMT*AU*107.58~SVC*HC:90837:95*150*107.58~CAS*CO*45*42.42~REF*6R*167725-2638~AMT*B6*107.58~CLP*657-2779*1*120*68.38**MC*21195E001821*02~NM1*QC*1*KAIO*JAYME****MI*0000879036~NM1*74*1***V~NM1*82*2*FERREIRA*****XX*1811143126~DTM*232*20210529~DTM*233*20210529~DTM*050*20210713~AMT*AU*68.38~SVC*HC:90834:95*120*68.38~CAS*CO*45*51.62~REF*6R*448657-2779~AMT*B6*68.38~CLP*524-2790*1*240*68.38**MC*21195E001840*02~NM1*QC*1*SHARP*LEIGHANNE****MI*0000376591~NM1*74*1***C~NM1*82*2*FERREIRA*****XX*1811143126~DTM*232*20210616~DTM*233*20210616~DTM*050*20210713~AMT*AU*68.38~SVC*HC:90834:95*120*68.38~CAS*CO*45*51.62~REF*6R*196524-2790~AMT*B6*68.38~SVC*HC:90834:95*120*0~CAS*CO*119*120~REF*6R*197524-2790~LQ*HE*N435~CLP*524-2792*1*120*68.38**MC*21195E001960*02~NM1*QC*1*SHARP*LEIGHANNE****MI*0000376591~NM1*74*1***C~NM1*82*2*FERREIRA*****XX*1811143126~DTM*232*20210630~DTM*233*20210630~DTM*050*20210713~AMT*AU*68.38~SVC*HC:90834:95*120*68.38~CAS*CO*45*51.62~REF*6R*199524-2792~AMT*B6*68.38~CLP*524-2788*1*120*68.38**MC*21195E001963*02~NM1*QC*1*SHARP*LEIGHANNE****MI*0000376591~NM1*74*1***C~NM1*82*2*FERREIRA*****XX*1811143126~DTM*232*20210526~DTM*233*20210526~DTM*050*20210713~AMT*AU*68.38~SVC*HC:90834:95*120*68.38~CAS*CO*45*51.62~REF*6R*194524-2788~AMT*B6*68.38~CLP*657-2781*1*120*68.38**MC*21195E002269*02~NM1*QC*1*KAIO*JAYME****MI*0000879036~NM1*74*1***V~NM1*82*2*FERREIRA*****XX*1811143126~DTM*232*20210614~DTM*233*20210614~DTM*050*20210713~AMT*AU*68.38~SVC*HC:90834:95*120*68.38~CAS*CO*45*51.62~REF*6R*449657-2781~AMT*B6*68.38~CLP*725-2898*1*150*107.58**MC*21196E001452*02~NM1*QC*1*STEWART*STACEY****MI*0002147386~NM1*74*1***R~NM1*82*2*PLAYTER*****XX*1013394097~DTM*232*20210713~DTM*233*20210713~DTM*050*20210714~AMT*AU*107.58~SVC*HC:90837:95*150*107.58~CAS*CO*45*42.42~REF*6R*712725-2898~AMT*B6*107.58~SE*123*0003~GE*3*854147124~IEA*1*854147124~