ISA*00*          *00*          *ZZ*330897513      *ZZ*MEDBOSSC       *210719*0543*^*00501*852654491*0*P*:~GS*HP*330897513*MEDBOSSC*20210719*0543*852654491*X*005010X221A1~ST*835*0001~BPR*H*0*C*NON************20210714~TRN*1*211950187*1990263440~REF*F2*5.40~N1*PR*UNIVERSITY HEALTH ALLIANCE~N3*700 BISHOP STREET SUITE 300~N4*HONOLULU*HI*96813~PER*CX*HOWARD LEE*TE*8085324000~PER*BL*HOWARD LEE*TE*8085324000~N1*PE*SERENITY COUNSELING SERVICES HAWAII, LLC*XX*1588011043~N3*94-1261 LUMIKULA ST, # 3U~N4*WAIPAHU*HI*96797~REF*TJ*812344400~REF*PQ*812344400~LX*1~CLP*708-1915*1*120*0*120*16*2118331141*11~NM1*QC*1*RAMELB*CHARMAINE****MI*123052413-01~NM1*82*1*LINARES*DAVID****XX*1699008045~DTM*232*20210607~DTM*233*20210607~DTM*036*20210531~DTM*050*20210702~SVC*HC:90847*120*0~CAS*PR*31*120~REF*6R*458708-1915~LQ*HE*N52~CLP*708-1810*1*120*0*120*16*2118731561*11~NM1*QC*1*RAMELB*CHARMAINE****MI*123052413-01~NM1*82*1*LINARES*DAVID****XX*1699008045~DTM*232*20210604~DTM*233*20210604~DTM*036*20210531~DTM*050*20210706~SVC*HC:90834*120*0**2~CAS*PR*31*120~REF*6R*772708-1810~LQ*HE*N52~SE*38*0001~ST*835*0002~BPR*I*212.47*C*ACH*CTX*01*121301028*DA*0085442686*UNIVHEALTH**01*321370765*DA*8102075433*20210714~TRN*1*3267757*1990263440~REF*F2*5.40~N1*PR*UNIVERSITY HEALTH ALLIANCE~N3*700 BISHOP STREET SUITE 300~N4*HONOLULU*HI*96813~PER*CX*HOWARD LEE*TE*8085324000~PER*BL*HOWARD LEE*TE*8085324000~N1*PE*SERENITY COUNSELING SERVICES HAWAII, LLC*XX*1588011043~N3*94-1261 LUMIKULA ST, # 3U~N4*WAIPAHU*HI*96797~REF*TJ*812344400~REF*PQ*812344400~LX*1~CLP*570-1824*1*120*64.25*12*16*2118331147*11~NM1*QC*1*BAIRD*JACOB****MI*808707701-01~NM1*82*1*LINARES*DAVID****XX*1699008045~DTM*232*20210604~DTM*233*20210604~DTM*050*20210702~AMT*I*.05~AMT*AU*76.25~SVC*HC:90834*120*64.25**2~CAS*PR*3*12~CAS*CO*45*43.75~REF*6R*456570-1824~AMT*B6*76.25~CLP*570-2301*1*120*64.25*12*16*2118331156*11~NM1*QC*1*BAIRD*JACOB****MI*808707701-01~NM1*82*1*LINARES*DAVID****XX*1699008045~DTM*232*20210625~DTM*233*20210625~DTM*050*20210702~AMT*I*.05~AMT*AU*76.25~SVC*HC:90834*120*64.25**2~CAS*PR*3*12~CAS*CO*45*43.75~REF*6R*461570-2301~AMT*B6*76.25~CLP*570-2168*1*120*83.8*12*16*2118331157*11~NM1*QC*1*BAIRD*JACOB****MI*808707701-01~NM1*82*1*LINARES*DAVID****XX*1699008045~DTM*232*20210620~DTM*233*20210620~DTM*050*20210702~AMT*I*.07~AMT*AU*95.8~SVC*HC:90847*120*83.8~CAS*PR*3*12~CAS*CO*45*24.2~REF*6R*460570-2168~AMT*B6*95.8~CLP*5654593199*1*190*0**16*2118730058*11~NM1*QC*1*BEYER*ADAM*K***MI*123042891-01~NM1*82*1*MATSUMOTO*NATALIA****XX*1427398312~DTM*232*20200202~DTM*233*20200202~DTM*050*20210706~SVC*HC:90791*190*0~CAS*CO*29*190~CLP*5654593145*1*150*0**16*2118730154*11~NM1*QC*1*BEYER*ADAM*K***MI*123042891-01~NM1*82*1*MATSUMOTO*NATALIA****XX*1427398312~DTM*232*20200216~DTM*233*20200216~DTM*050*20210706~SVC*HC:90847*150*0~CAS*CO*29*150~PLB*812344400*20211231*L6*-.17~SE*72*0002~GE*2*852654491~IEA*1*852654491~