ISA*00*          *00*          *ZZ*330897513      *ZZ*MEDBOSSC       *210629*0657*^*00501*846446651*0*P*:~GS*HP*330897513*MEDBOSSC*20210629*0657*846446651*X*005010X221A1~ST*835*0001~BPR*H*0*C*NON************20210623~TRN*1*211740505*1990263440~REF*F2*5.40~N1*PR*UNIVERSITY HEALTH ALLIANCE~N3*700 BISHOP STREET SUITE 300~N4*HONOLULU*HI*96813~PER*CX*HOWARD LEE*TE*8085324000~PER*BL*HOWARD LEE*TE*8085324000~N1*PE*SERENITY COUNSELING SERVICES HAWAII, LLC*XX*1588011043~N3*94-1261 LUMIKULA ST, # 3U~N4*WAIPAHU*HI*96797~REF*TJ*812344400~REF*PQ*812344400~LX*1~CLP*928392782*1*120*0**16*2117231691*11~NM1*QC*1*FUJINAKA*KAUANOEOKAWANAAO****MI*808958014-01~NM1*82*1*LINARES*DAVID****XX*1699008045~DTM*232*20210307~DTM*233*20210307~DTM*050*20210621~SVC*HC:90834:95*120*0**2~CAS*OA*18*120~REF*6R*5523442649~LQ*HE*N111~CLP*928392948*1*120*0**16*2117231702*11~NM1*QC*1*FUJINAKA*KAUANOEOKAWANAAO****MI*808958014-01~NM1*82*1*LINARES*DAVID****XX*1699008045~DTM*232*20210309~DTM*233*20210309~DTM*050*20210621~SVC*HC:90834:95*120*0**2~CAS*OA*18*120~REF*6R*5523442085~LQ*HE*N111~SE*36*0001~GE*1*846446651~IEA*1*846446651~