ISA*00*          *00*          *ZZ*330897513      *ZZ*MEDBOSSC       *211028*0721*^*00501*886351516*0*P*:~GS*HP*330897513*MEDBOSSC*20211028*0721*886351516*X*005010X221A1~ST*835*0001~BPR*I*209.55*C*ACH*CTX*01*121301028*DA*0085442686*UNIVHEALTH**01*321370765*DA*8102075433*20211025~TRN*1*3285186*1990263440~REF*F2*5.40~N1*PR*UNIVERSITY HEALTH ALLIANCE~N3*700 BISHOP STREET SUITE 300~N4*HONOLULU*HI*96813~PER*CX*HOWARD LEE*TE*8085324000~PER*BL*HOWARD LEE*TE*8085324000~N1*PE*SERENITY COUNSELING SERVICES HAWAII, LLC*XX*1588011043~N3*94-1261 LUMIKULA ST, # 3U~N4*WAIPAHU*HI*96797~REF*TJ*812344400~REF*PQ*812344400~LX*1~CLP*2570804929*1*1100*152.5**16*2128831386*02~NM1*QC*1*GARCIA*CRYSTAL ANN****MI*123060455-01~NM1*82*1*FERREIRA*LORI****XX*1811143126~DTM*232*20210109~DTM*233*20210327~DTM*050*20211015~AMT*AU*152.5~SVC*HC:90834:95*120*76.25**2~DTM*472*20210109~CAS*CO*45*43.75~REF*6R*5872570804929~AMT*B6*76.25~SVC*HC:T1006:95*150*0~DTM*472*20210123~CAS*CO*45*150~REF*6R*5882570804929~SVC*HC:T1006:95*150*0~DTM*472*20210130~CAS*CO*45*150~REF*6R*5892570804929~SVC*HC:90834:95*120*76.25**2~DTM*472*20210206~CAS*CO*45*43.75~REF*6R*5902570804929~AMT*B6*76.25~SVC*HC:T1006:95*140*0~DTM*472*20210307~CAS*OA*18*140~REF*6R*5912570804929~LQ*HE*N111~SVC*HC:T1006:95*140*0~DTM*472*20210313~CAS*OA*18*140~REF*6R*5922570804929~LQ*HE*N111~SVC*HC:T1006:95*140*0~DTM*472*20210320~CAS*OA*18*140~REF*6R*5932570804929~LQ*HE*N111~SVC*HC:T1006:95*140*0~DTM*472*20210327~CAS*OA*18*140~REF*6R*5942570804929~LQ*HE*N111~CLP*2572204031*1*82.38*57.05**16*2129131138*02~NM1*QC*1*VILLANUEVA*LEONARDO****MI*808830364-01~NM1*82*1*BOJANOWSKI*JENNIFER****XX*1699007427~DTM*232*20210124~DTM*233*20210124~DTM*050*20211018~AMT*AU*57.05~SVC*HC:90832:95*82.38*57.05~CAS*CO*45*25.33~REF*6R*7622572204031~AMT*B6*57.05~SE*72*0001~GE*1*886351516~IEA*1*886351516~