ISA*00*          *00*          *ZZ*330897513      *ZZ*MEDBOSSC       *211005*0813*^*00501*878204708*0*P*:~GS*HP*330897513*MEDBOSSC*20211005*0813*878204708*X*005010X221A1~ST*835*0001~BPR*I*77.54*C*ACH*CCP*01*031202770*DA*8026501176*1841160004*000000000*01*321370765*DA*8102075433*20211006~TRN*1*5400601274VT2*1860813402*000000000~REF*EV*7GW1459CA3~REF*F2*1588011043    R35011001002285~DTM*405*20211001~N1*PR*TRIWEST HEALTHCARE ALLIANCE~N3*PO BOX 42270~N4*PHOENIX*AZ*850802270~PER*CX**TE*8772268749~PER*BL*VA CCN PROVIDER SERVICES*TE*8002590264~PER*IC**UR*WWW.TRIWEST.COM~N1*PE*DAVID LINARES*XX*1588011043~N3*APT 3U*94-1261 LUMIKULA ST~N4*WAIPAHU*HI*96797~REF*TJ*812344400~LX*1~CLP*703-5106*1*90*0**VA*H273X1GJS0000*02*1~NM1*QC*1*SAWICKI*EDWARD****MI*587722154~DTM*050*20210930~SVC*HC:90832:95*90*0~DTM*472*20210927~CAS*CO*288*90~REF*6R*523703-5106~LQ*HE*N489~LX*2~CLP*603-5124*1*120*77.54**VA*H273X1GJT0000*02*1~NM1*QC*1*AYERS*JERAME****MI*1003726487V072972~DTM*050*20210930~AMT*AU*77.54~SVC*HC:90847:95*120*77.54~DTM*472*20210927~CAS*CO*45*42.46~REF*6R*524603-5124~AMT*B6*77.54~LX*3~CLP*380-5111*1*120*0**VA*H273X1GK40000*02*1~NM1*QC*1*HOY*JASON****MI*757466161~DTM*050*20210930~SVC*HC:90834:95*120*0~DTM*472*20210927~CAS*CO*288*120~REF*6R*630380-5111~LQ*HE*N489~SE*45*0001~GE*1*878204708~IEA*1*878204708~