ISA*00*          *00*          *ZZ*330897513      *ZZ*MEDBOSSC       *210729*0251*^*00501*856440861*0*P*:~GS*HP*330897513*MEDBOSSC*20210729*0251*856440861*X*005010X221A1~ST*835*0001~BPR*I*74.68*C*ACH*CCP*01*121301015*DA*01-015559*1990040115**01*321370765*DA*81020-75433*20210802~TRN*1*4172208*1990040115~N1*PR*HAWAII MEDICAL SERVICE ASSOCIATION~N3*P.O. BOX 1346~N4*HONOLULU*HI*96807~PER*BL*ETS*TE*8089486355~N1*PE*SERENITY COUNSELING SERVICES HAWAII*XX*1588011043~N3*10641 WINDSMOUNT CT~N4*LEHIGH ACRES*FL*33936~REF*TJ*812344400~LX*1~CLP*559-3021*1*120*74.68*30*12*F11207326339~NM1*QC*1*THOMAS*SARAH****MI*R60652621~NM1*IL*1*THOMAS*SARAH*E***MI*R60652621~NM1*82*1*LINARES*DAVID****XX*1699008045~DTM*232*20210719~AMT*AU*120~SVC*HC:90834:95*120*74.68~CAS*CO*45*15.32~CAS*PR*3*30~REF*6R*918559-3021~AMT*B6*104.68~SE*24*0001~ST*835*0002~BPR*I*381.1*C*ACH*CCP*01*121301015*DA*01076140*1990040115**01*321370765*DA*8102075433*20210729~TRN*1*1985587*1990040115~REF*F2*5.40~DTM*405*20210726~N1*PR*HAWAII MEDICAL SERVICE ASSOCIATION~N3*818 KEEAUMOKU ST~N4*HONOLULU*HI*96814~PER*BL*ETS*TE*8089486355~N1*PE*SERENITY COUNSELING SERVICES HAWAII LLC*XX*1588011043~REF*TJ*812344400~LX*1~CLP*669-2913*4*120*0**MC*21197E001755*02~NM1*QC*1*KAHAPEA*JONAH****MI*0002624332~NM1*74*1*UNRECOGNIZED*MEMBER NUMBER****C*8888888888~NM1*82*2*FERREIRA*****XX*1811143126~DTM*232*20210712~DTM*233*20210712~DTM*050*20210715~SVC*HC:90834:95*120*0~CAS*CO*16*120~REF*6R*039669-2913~LQ*HE*N382~CLP*928649420*1*120*68.38**MC*21203E000049*11~NM1*QC*1*SHARP*LEIGHANNE****MI*0000376591~NM1*74*1***C~NM1*82*2*FERREIRA*****XX*1811143126~DTM*232*20210318~DTM*233*20210318~DTM*050*20210721~AMT*AU*68.38~SVC*HC:90834:95*120*68.38~CAS*CO*45*51.62~REF*6R*9281197892~AMT*B6*68.38~CLP*928649230*1*120*68.38**MC*21203E000088*11~NM1*QC*1*HILO-NGUYEN*CHRYSANTHEMUM****MI*0001047624~NM1*74*1*HILONGUYEN*CHRYSANTH**I~NM1*82*2*FERREIRA*****XX*1811143126~DTM*232*20210417~DTM*233*20210417~DTM*050*20210721~AMT*AU*68.38~SVC*HC:90834:95*120*68.38~CAS*CO*45*51.62~REF*6R*9281197550~AMT*B6*68.38~CLP*928649407*1*120*68.38**MC*21203E000518*11~NM1*QC*1*DOO-CENAL*KEIKI****MI*0000293008~NM1*74*1*DOOCENAL**R~NM1*82*2*FERREIRA*****XX*1811143126~DTM*232*20210320~DTM*233*20210320~DTM*050*20210721~AMT*AU*68.38~SVC*HC:90834:95*120*68.38~CAS*CO*45*51.62~REF*6R*9281197868~AMT*B6*68.38~CLP*640-3002*1*120*68.38**MC*21207E003948*02~NM1*QC*1*DIGIOVANNI*JOURNIE****MI*0002595228~NM1*74*1***C~NM1*82*2*LINARES*****XX*1699008045~DTM*232*20210719~DTM*233*20210719~DTM*050*20210725~AMT*AU*68.38~SVC*HC:90834:95*120*68.38~CAS*CO*45*51.62~REF*6R*916640-3002~AMT*B6*68.38~CLP*725-3051*1*150*107.58**MC*21207E004218*02~NM1*QC*1*STEWART*STACEY****MI*0002147386~NM1*74*1***R~NM1*82*2*PLAYTER*****XX*1013394097~DTM*232*20210720~DTM*233*20210720~DTM*050*20210725~AMT*AU*107.58~SVC*HC:90837:95*150*107.58~CAS*CO*45*42.42~REF*6R*601725-3051~AMT*B6*107.58~SE*84*0002~GE*2*856440861~IEA*1*856440861~