ISA*00*          *00*          *ZZ*330897513      *ZZ*MEDBOSSC       *211113*1208*^*00501*892066953*0*P*:~GS*HP*330897513*MEDBOSSC*20211113*1208*892066953*X*005010X221A1~ST*835*0001~BPR*I*255*C*ACH*CCP*01*051404260*DA*252781161*1541414194**01*321370765*DA*8102075433*20211115~TRN*1*0000541927*1541414194~N1*PR*BEACON HEALTH OPTIONS, INC.~N3*ATTN FINANCE DEPT~N4*NORFOLK*VA*23502~REF*2U*FDX~PER*BL*VALUEOPTIONS EDI HELPDESK*TE*8882479311*EM*ESUPPORTSERVICES@VALUEOPTIONS.COM~N1*PE*SERENITY COUNSELING SERVICES H*XX*1699008045~N3*10641 WINDSMONT CT~N4*LEHIGH ACRES*FL*339367268~REF*TJ*812344400~LX*1~CLP*0*1*60*85**13*06   110621 04065 00268*11~NM1*QC*1*KEENAN*ANNA*M***MI*1140803~NM1*IL*1*KEENAN*ANNA*M***MI*1140803~NM1*82*2*LINARES, DAVID*****XX*1699008045~REF*1W*1140803~REF*1J*E824169~SVC*HC:AEA:60*60*85~DTM*472*20211106~REF*6R*001~AMT*B6*85~CLP*0*1*60*85**13*06   110521 04065 00456*11~NM1*QC*1*TARKINGTON*BRIEN****MI*1157686~NM1*IL*1*TARKINGTON*BRIEN****MI*1157686~NM1*82*2*LINARES, DAVID*****XX*1699008045~REF*1W*1157686~REF*1J*E824169~SVC*HC:AEA:60*60*85~DTM*472*20211105~REF*6R*001~AMT*B6*85~CLP*0*1*60*85**13*06   110821 04065 00511*11~NM1*QC*1*TOVAR*JOSHUA*L***MI*259492~NM1*IL*1*TOVAR*JOSHUA*L***MI*259492~NM1*82*2*LINARES, DAVID*****XX*1699008045~REF*1W*259492~REF*1J*E824169~SVC*HC:AEA:60*60*85~DTM*472*20211108~REF*6R*001~AMT*B6*85~SE*44*0001~ST*835*0002~BPR*I*170*C*ACH*CCP*01*051404260*DA*252781161*1541414194**01*321370765*DA*8102075433*20211115~TRN*1*0000542381*1541414194~N1*PR*BEACON HEALTH OPTIONS, INC.~N3*ATTN FINANCE DEPT~N4*NORFOLK*VA*23502~REF*2U*FDX~PER*BL*VALUEOPTIONS EDI HELPDESK*TE*8882479311*EM*ESUPPORTSERVICES@VALUEOPTIONS.COM~N1*PE*SERENITY COUNSELING SERVICES H*XX*1699008045~N3*10641 WINDSMONT CT~N4*LEHIGH ACRES*FL*339367268~REF*TJ*812344400~LX*1~CLP*0*1*60*85**13*06   110621 04065 00148*11~NM1*QC*1*ALLEN*LOOMIS*A***MI*1150360~NM1*IL*1*ALLEN*LOOMIS*A***MI*1150360~NM1*82*2*LINARES, DAVID*****XX*1699008045~REF*1W*1150360~REF*1J*E824169~SVC*HC:AEA:60*60*85~DTM*472*20211106~REF*6R*001~AMT*B6*85~CLP*0*1*60*85**13*06   110521 04065 00492*11~NM1*QC*1*MELTZER*MATTHEW*E***MI*527793~NM1*IL*1*MELTZER*MATTHEW*E***MI*527793~NM1*82*2*LINARES, DAVID*****XX*1699008045~REF*1W*527793~REF*1J*E824169~SVC*HC:AEA:60*60*85~DTM*472*20211105~REF*6R*001~AMT*B6*85~SE*34*0002~ST*835*0003~BPR*I*255*C*ACH*CCP*01*051404260*DA*252781161*1541414194**01*321370765*DA*8102075433*20211115~TRN*1*0000541448*1541414194~N1*PR*BEACON HEALTH OPTIONS, INC.~N3*ATTN FINANCE DEPT~N4*NORFOLK*VA*23502~REF*2U*FDX~PER*BL*VALUEOPTIONS EDI HELPDESK*TE*8882479311*EM*ESUPPORTSERVICES@VALUEOPTIONS.COM~N1*PE*SERENITY COUNSELING SERVICES H*XX*1699008045~N3*10641 WINDSMONT CT~N4*LEHIGH ACRES*FL*339367268~REF*TJ*812344400~LX*1~CLP*0*1*60*85**13*06   110521 04065 00507*11~NM1*QC*1*AZOCAR*ESTEVAN****MI*1001652~NM1*IL*1*AZOCAR*ESTEVAN****MI*1001652~NM1*82*2*LINARES, DAVID*****XX*1699008045~REF*1W*1001652~REF*1J*E824169~SVC*HC:AEA:60*60*85~DTM*472*20211105~REF*6R*001~AMT*B6*85~CLP*0*1*60*85**13*06   110621 04065 00257*11~NM1*QC*1*CHAN*MONICA*M***MI*833265~NM1*IL*1*CHAN*MONICA*M***MI*833265~NM1*82*2*LINARES, DAVID*****XX*1699008045~REF*1W*833265~REF*1J*E824169~SVC*HC:AEA:60*60*85~DTM*472*20211106~REF*6R*001~AMT*B6*85~CLP*0*1*60*85**13*06   110521 04065 00432*11~NM1*QC*1*ORAVETZ*LOGAN*S***MI*1149764~NM1*IL*1*ORAVETZ*LOGAN*S***MI*1149764~NM1*82*2*LINARES, DAVID*****XX*1699008045~REF*1W*1149764~REF*1J*E824169~SVC*HC:AEA:60*60*85~DTM*472*20211105~REF*6R*001~AMT*B6*85~SE*44*0003~GE*3*892066953~IEA*1*892066953~