ISA*00*          *00*          *ZZ*330897513      *ZZ*MEDBOSSC       *211112*0240*^*00501*891933711*0*P*:~GS*HP*330897513*MEDBOSSC*20211112*0240*891933711*X*005010X221A1~ST*835*0001~BPR*I*588.56*C*ACH*CCP*01*121301015*DA*01076140*1990040115**01*321370765*DA*8102075433*20211112~TRN*1*2012744*1990040115~REF*F2*5.40~DTM*405*20211108~N1*PR*HAWAII MEDICAL SERVICE ASSOCIATION~N3*818 KEEAUMOKU ST~N4*HONOLULU*HI*96814~PER*BL*ETS*TE*8089486355~N1*PE*SERENITY COUNSELING SERVICES HAWAII LLC*XX*1588011043~REF*TJ*812344400~LX*1~CLP*5654826697*1*365*100**MC*21173E001022*11~NM1*QC*1*ONG*DINHTAI****MI*0000640266~NM1*74*1***T~NM1*82*1*RIBEIRO*MICHELLE*R***XX*1164054391~DTM*232*20200801~DTM*233*20200801~DTM*050*20210622~AMT*I*4.64~AMT*AU*100~SVC*HC:90791:95*190*100~CAS*CO*45*90~REF*6R*56530716144~AMT*B6*100~SVC*HC:90837:95*175*0~CAS*CO*45*175~REF*6R*5521858365~LQ*HE*N130~CLP*412-3165*1*570*107.58**MC*21266E002054*02~NM1*QC*1*BASQUES-RODGERS*KEOLA****MI*0002129504~NM1*74*1***J~NM1*82*2*MATSUMOTO*****XX*1427398312~DTM*232*20210725~DTM*233*20210725~DTM*050*20210922~AMT*AU*107.58~SVC*HC:90837:95*150*107.58~CAS*CO*45*42.42~REF*6R*038412-3165~AMT*B6*107.58~SVC*HC:90834*120*0~CAS*CO*97*120~REF*6R*039412-3165~LQ*HE*M15~SVC*HC:90837*150*0~CAS*CO*119*150~REF*6R*040412-3165~LQ*HE*N435~SVC*HC:90837*150*0~CAS*CO*119*150~REF*6R*041412-3165~LQ*HE*N435~CLP*950-4639*2*270*63.62**MC*21279E002130*02~NM1*QC*1*BRISENO*TRICIA****MI*0002466182~NM1*74*1***L~NM1*82*2*MATSUMOTO*****XX*1427398312~DTM*232*20210822~DTM*233*20210822~DTM*050*20211005~AMT*AU*63.62~SVC*HC:90837:95*150*36.64~CAS*OA*23*113.36~REF*6R*390950-4639~AMT*B6*36.64~SVC*HC:90847:95:59*120*26.98~CAS*OA*23*93.02~REF*6R*391950-4639~AMT*B6*26.98~CLP*412-5424*1*120*68.38**MC*21286E000944*02~NM1*QC*1*BASQUES-RODGERS*KEOLA****MI*0002129504~NM1*74*1***J~NM1*82*2*MATSUMOTO*****XX*1427398312~DTM*232*20210905~DTM*233*20210905~DTM*050*20211012~AMT*AU*68.38~SVC*HC:90834:95*120*68.38~CAS*CO*45*51.62~REF*6R*703412-5424~AMT*B6*68.38~CLP*412-5469*1*120*68.38**MC*21288E001468*02~NM1*QC*1*BASQUES-RODGERS*KEOLA****MI*0002129504~NM1*74*1***J~NM1*82*2*MATSUMOTO*****XX*1427398312~DTM*232*20210919~DTM*233*20210919~DTM*050*20211014~AMT*AU*68.38~SVC*HC:90834:95*120*68.38~CAS*CO*45*51.62~REF*6R*203412-5469~AMT*B6*68.38~CLP*2015-4330*1*120*0**MC*21292E001695*02~NM1*QC*1*DUENAS*TRON****MI*0000748206~NM1*74*1***K~NM1*82*2*PLAYTER*****XX*1013394097~DTM*232*20210831~DTM*233*20210831~DTM*050*20211018~SVC*HC:90834:95*120*0~CAS*OA*18*120~REF*6R*5502015-4330~LQ*HE*N522~CLP*412-3669*1*150*107.58**MC*21294E002052*02~NM1*QC*1*BASQUES-RODGERS*KEOLA****MI*0002129504~NM1*74*1***J~NM1*82*2*MATSUMOTO*****XX*1427398312~DTM*232*20210627~DTM*233*20210627~DTM*050*20211020~AMT*AU*107.58~SVC*HC:90837:95*150*107.58~CAS*CO*45*42.42~REF*6R*441412-3669~AMT*B6*107.58~CLP*897-6034*1*120*68.38**MC*21309E002670*02~NM1*QC*1*PEITERSON*SCOTT****MI*0002449442~NM1*82*2*LINARES*****XX*1699008045~DTM*232*20211101~DTM*233*20211101~DTM*050*20211104~AMT*AU*68.38~SVC*HC:90834:95*120*68.38~CAS*CO*45*51.62~REF*6R*341897-6034~AMT*B6*68.38~PLB*1588011043*20211231*L6*-4.64~SE*129*0001~GE*1*891933711~IEA*1*891933711~