ISA*00*          *00*          *ZZ*330897513      *ZZ*MEDBOSSC       *211022*0730*^*00501*884361992*0*P*:~GS*HP*330897513*MEDBOSSC*20211022*0730*884361992*X*005010X221A1~ST*835*0001~BPR*I*643.84*C*ACH*CCP*01*043301627*DA*1077670664*1571132733*000000000*01*321370765*DA*8102075433*20211025~TRN*1*5055445293TR2*1571132733*000000000~REF*EV*7GW0013CA3~REF*F2*1588011043    R88011020003052~DTM*405*20211020~N1*PR*PGBA,LLC~N3*TRICARE WEST REGION CLAIMS*P.O. BOX 202112~N4*FLORENCE*SC*295022112~PER*CX*TRICARE WEST REGION CLAIMS CORRESPONDENCE*TE*8448669378~PER*BL*TRICARE ELECTRONIC CLAIMS SERVICE CENTER*TE*8003255920~N1*PE*SERENITY COUNSELING SERVICES*XX*1588011043~N3*201*99-149 MOANALUA RD~N4*AIEA*HI*96701~REF*TJ*812344400~LX*1~CLP*2566586447*1*1065*608.67**CH*H288X2DQ50000*02*1~NM1*QC*1*NORMAN*ALEXIS*R***HN*2566586447~NM1*IL*1*NORMAN*RANDY*L***MI*513989636~NM1*82*1*WATERS*LORI*M***XX*1760854152~REF*1H*524943302~DTM*050*20211015~AMT*AU*608.67~SVC*HC:90791:95*190*96.92~DTM*472*20210222~CAS*CO*45*93.08~REF*6R*5832566586447~AMT*B6*96.92~SVC*HC:90837:95*175*102.35~DTM*472*20210301~CAS*CO*45*72.65~REF*6R*5822566586447~AMT*B6*102.35~SVC*HC:90837:95*175*102.35~DTM*472*20210308~CAS*CO*45*72.65~REF*6R*5812566586447~AMT*B6*102.35~SVC*HC:90837:95*175*102.35~DTM*472*20210315~CAS*CO*45*72.65~REF*6R*5802566586447~AMT*B6*102.35~SVC*HC:90837:95*175*102.35~DTM*472*20210322~CAS*CO*45*72.65~REF*6R*5792566586447~AMT*B6*102.35~SVC*HC:90837:95*175*102.35~DTM*472*20210329~CAS*CO*45*72.65~REF*6R*5782566586447~AMT*B6*102.35~LX*2~CLP*626-5537*1*120*35.17*35.17*CH*H291X4C3P0000*02*1~NM1*QC*1*SWINT*CRYSTAL*I***HN*626-5537~NM1*IL*1*SWINT*ALEXANDER*D***MI*245713148~DTM*050*20211018~AMT*AU*70.34~SVC*HC:90834:95*120*35.17~DTM*472*20211015~CAS*CO*242*49.66~CAS*PR*2*35.17~REF*6R*164626-5537~AMT*B6*70.34~LQ*HE*N212~SE*67*0001~GE*1*884361992~IEA*1*884361992~