ISA*00*          *00*          *ZZ*330897513      *ZZ*MEDBOSSC       *211019*0709*^*00501*883291423*0*P*:~GS*HP*330897513*MEDBOSSC*20211019*0709*883291423*X*005010X221A1~ST*835*0001~BPR*I*57.75*C*BOP**01*041203824*DA*9600149455*1111113627*000004567*01*124384877*DA*62431XXXX*20211020~TRN*1*2021102014000874*1111113627*000004567~REF*EV*BFT220003440~REF*F2*1333~DTM*405*20211018~N1*PR*UNITEDHEALTHCARE INSURANCE COMPANY*XV*04567~N3*UNITEDHEALTHCARE COMMUNITY   STATE*P.O. BOX 5290~N4*KINGSTON*NY*12402~REF*2U*04567~REF*EO*1111113627~PER*CX*UNITEDHEALTHCARE INSURANCE COMPANY*TE*8889808728~PER*BL*UHC ESOLUTIONS COMMUNITY HEALTHPLAN*EM*AC_EDI_OPS@UHC.COM~N1*PE*SERENITY COUNSELING SERVICES HAWAII LLC*XX*1588011043~N3*94-1261 LUMIKULA ST STE 3U~N4*WAIPAHU*HI*967974087~REF*TJ*812344400~LX*1~TS3*006116310001*02*20211231*1*120~CLP*561-5384*1*120*57.75**MC*21L493693300*02*1~NM1*QC*1*ROBIDOUX*ADRIEL****MI*0001238602~NM1*82*1*LINARES*DAVID*P**MA*XX*1699008045~REF*CE*HI QI NON-DUAL EXPANSION CHIP~DTM*232*20211009~DTM*233*20211009~DTM*050*20211012~AMT*AU*57.75~SVC*HC:90834:95*120*57.75~DTM*472*20211009~CAS*CO*45*62.25~REF*LU*M1~REF*6R*603561-5384~AMT*B6*57.75~SE*34*0001~GE*1*883291423~IEA*1*883291423~