ISA*00*          *00*          *ZZ*PAYFORMANCE    *ZZ*PAYER          *210602*1107*{*00501*013254252*0*P*:~GS*HP*BEACON HEALTH O*PROVIDERHIS*20210602*1107*1*X*005010X221A1~ST*835*833364819~BPR*I*170*C*ACH*CCP*01*051404260*DA*252781161*1541414194**01*321370765*DA*8102075433*20210503~TRN*1*0000501479*1541414194~N1*PR*Beacon Health Options, Inc.~N3*Attn Finance Dept~N4*Norfolk*VA*23502~REF*2U*FDX~PER*BL*ValueOptions EDI HelpDesk*TE*8882479311*EM*esupportservices@valueoptions.com~N1*PE*SERENITY COUNSELING SERVICES H*XX*1699008045~N3*99-149 MOANALUA RD*STE 201~N4*AIEA*HI*967014001~REF*TJ*812344400~LX*1~CLP*0*1*85*85**13*06   042521 04065 00100*11~NM1*QC*1*HAGAR*CHELSEA*R***MI*1113298~NM1*IL*1*HAGAR*CHELSEA*R***MI*1113298~NM1*82*2*LINARES, DAVID*****XX*1699008045~REF*1W*1113298~REF*1J*E202862~SVC*HC:AEA:60*85*85**1**1~DTM*472*20210423~REF*6R*001~AMT*B6*85~CLP*0*1*85*85**13*06   042521 04065 00103*11~NM1*QC*1*TOVAR*JOSHUA*L***MI*259492~NM1*IL*1*TOVAR*JOSHUA*L***MI*259492~NM1*82*2*LINARES, DAVID*****XX*1699008045~REF*1W*259492~REF*1J*E202862~SVC*HC:AEA:60*85*85**1**1~DTM*472*20210423~REF*6R*001~AMT*B6*85~SE*34*833364819~ST*835*833365413~BPR*I*255*C*ACH*CCP*01*051404260*DA*252781161*1541414194**01*321370765*DA*8102075433*20210503~TRN*1*0000500977*1541414194~N1*PR*Beacon Health Options, Inc.~N3*Attn Finance Dept~N4*Norfolk*VA*23502~REF*2U*FDX~PER*BL*ValueOptions EDI HelpDesk*TE*8882479311*EM*esupportservices@valueoptions.com~N1*PE*SERENITY COUNSELING SERVICES H*XX*1699008045~N3*99-149 MOANALUA RD*STE 201~N4*AIEA*HI*967014001~REF*TJ*812344400~LX*1~CLP*0*1*85*85**13*06   042721 04065 00009*11~NM1*QC*1*BROOKS*KIRKLAND*G***MI*1038040~NM1*IL*1*BROOKS*KIRKLAND*G***MI*1038040~NM1*82*2*LINARES, DAVID*****XX*1699008045~REF*1W*1038040~REF*1J*E202862~SVC*HC:AEA:60*85*85**1**1~DTM*472*20210426~REF*6R*001~AMT*B6*85~CLP*0*1*85*85**13*06   042721 04065 00018*11~NM1*QC*1*HAYGOOD*KATHERINE*N***MI*9333~NM1*IL*1*HAYGOOD*KATHERINE*N***MI*9333~NM1*82*2*LINARES, DAVID*****XX*1699008045~REF*1W*9333~REF*1J*E202862~SVC*HC:AEA:60*85*85**1**1~DTM*472*20210426~REF*6R*001~AMT*B6*85~CLP*0*1*85*85**13*06   042521 04065 00104*11~NM1*QC*1*PAVEL*JESSE*R***MI*1094283~NM1*IL*1*PAVEL*JESSE*R***MI*1094283~NM1*82*2*LINARES, DAVID*****XX*1699008045~REF*1W*1094283~REF*1J*E202862~SVC*HC:AEA:60*85*85**1**1~DTM*472*20210423~REF*6R*001~AMT*B6*85~SE*44*833365413~ST*835*833365743~BPR*I*340*C*ACH*CCP*01*051404260*DA*252781161*1541414194**01*321370765*DA*8102075433*20210503~TRN*1*0000501979*1541414194~N1*PR*Beacon Health Options, Inc.~N3*Attn Finance Dept~N4*Norfolk*VA*23502~REF*2U*FDX~PER*BL*ValueOptions EDI HelpDesk*TE*8882479311*EM*esupportservices@valueoptions.com~N1*PE*SERENITY COUNSELING SERVICES H*XX*1699008045~N3*99-149 MOANALUA RD*STE 201~N4*AIEA*HI*967014001~REF*TJ*812344400~LX*1~CLP*0*1*85*85**13*06   042621 04065 00478*11~NM1*QC*1*CALLOWAY*DELMESHA*S***MI*1114018~NM1*IL*1*CALLOWAY*DELMESHA*S***MI*1114018~NM1*82*2*LINARES, DAVID*****XX*1699008045~REF*1W*1114018~REF*1J*E202862~SVC*HC:AEA:60*85*85**1**1~DTM*472*20210426~REF*6R*001~AMT*B6*85~CLP*0*4*60*0**13*06   042721 04065 00014*11~NM1*QC*1*LEE*WALTER****MI*589450~NM1*IL*1*LEE*WALTER****MI*589450~NM1*82*2*LINARES, DAVID*****XX*1699008045~REF*1W*589450~REF*1J*E202862~SVC*HC:AEA:60*60*0****1~DTM*472*20210416~CAS*CO*16*60~REF*6R*001~LQ*HE*N54~CLP*0*1*85*85**13*06   042621 04065 00482*11~NM1*QC*1*MCKENZIE*PIERCE****MI*1111085~NM1*IL*1*MCKENZIE*PIERCE****MI*1111085~NM1*82*2*LINARES, DAVID*****XX*1699008045~REF*1W*1111085~REF*1J*E202862~SVC*HC:AEA:60*85*85**1**1~DTM*472*20210426~REF*6R*001~AMT*B6*85~CLP*0*1*85*85**13*06   042521 04065 00102*11~NM1*QC*1*PEGRAM*CASEY*E***MI*1077485~NM1*IL*1*PEGRAM*CASEY*E***MI*1077485~NM1*82*2*LINARES, DAVID*****XX*1699008045~REF*1W*1077485~REF*1J*E202862~SVC*HC:AEA:60*85*85**1**1~DTM*472*20210423~REF*6R*001~AMT*B6*85~CLP*0*1*85*85**13*06   042521 04065 00229*11~NM1*QC*1*SANDOVAL*PABLO****MI*1072979~NM1*IL*1*SANDOVAL*PABLO****MI*1072979~NM1*82*2*LINARES, DAVID*****XX*1699008045~REF*1W*1072979~REF*1J*E202862~SVC*HC:AEA:60*85*85**1**1~DTM*472*20210425~REF*6R*001~AMT*B6*85~SE*65*833365743~ST*835*846418939~BPR*I*85*C*ACH*CCP*01*051404260*DA*252781161*1541414194**01*321370765*DA*8102075433*20210510~TRN*1*0000503471*1541414194~N1*PR*Beacon Health Options, Inc.~N3*Attn Finance Dept~N4*Norfolk*VA*23502~REF*2U*FDX~PER*BL*ValueOptions EDI HelpDesk*TE*8882479311*EM*esupportservices@valueoptions.com~N1*PE*SERENITY COUNSELING SERVICES H*XX*1699008045~N3*99-149 MOANALUA RD*STE 201~N4*AIEA*HI*967014001~REF*TJ*812344400~LX*1~CLP*0*1*85*85**13*06   050121 04065 00001*11~NM1*QC*1*STEFFE*ZOE*A***MI*1108365~NM1*IL*1*STEFFE*ZOE*A***MI*1108365~NM1*82*2*LINARES, DAVID*****XX*1699008045~REF*1W*1108365~REF*1J*E202862~SVC*HC:AEA:60*85*85**1**1~DTM*472*20210430~REF*6R*001~AMT*B6*85~SE*24*846418939~GE*4*1~IEA*1*013254252~