ISA*00*          *00*          *ZZ*330897513      *ZZ*MEDBOSSC       *210903*1203*^*00501*868021727*0*P*:~GS*HP*330897513*MEDBOSSC*20210903*1203*868021727*X*005010X221A1~ST*835*0001~BPR*I*255*C*ACH*CCP*01*051404260*DA*252781161*1541414194**01*321370765*DA*8102075433*20210907~TRN*1*0000526872*1541414194~N1*PR*BEACON HEALTH OPTIONS, INC.~N3*ATTN FINANCE DEPT~N4*NORFOLK*VA*23502~REF*2U*FDX~PER*BL*VALUEOPTIONS EDI HELPDESK*TE*8882479311*EM*ESUPPORTSERVICES@VALUEOPTIONS.COM~N1*PE*SERENITY COUNSELING SERVICES H*XX*1699008045~N3*10641 WINDSMONT CT~N4*LEHIGH ACRES*FL*339367268~REF*TJ*812344400~LX*1~CLP*0*1*85*85**13*06   082121 04065 00001*11~NM1*QC*1*ARAGON*ZAHIRA****MI*899839~NM1*IL*1*ARAGON*ZAHIRA****MI*899839~NM1*82*2*LINARES, DAVID*****XX*1699008045~REF*1W*899839~REF*1J*E824169~SVC*HC:AEA:60*85*85~DTM*472*20210820~REF*6R*001~AMT*B6*85~CLP*0*1*85*85**13*06   082821 04065 00303*11~NM1*QC*1*MATERIALE*KATELYN*N***MI*1124663~NM1*IL*1*MATERIALE*KATELYN*N***MI*1124663~NM1*82*2*LINARES, DAVID*****XX*1699008045~REF*1W*1124663~REF*1J*E824169~SVC*HC:AEA:60*85*85~DTM*472*20210828~REF*6R*001~AMT*B6*85~CLP*0*1*85*85**13*06   082721 04065 00403*11~NM1*QC*1*WELLER*JEFFREY*W***MI*1143611~NM1*IL*1*WELLER*JEFFREY*W***MI*1143611~NM1*82*2*LINARES, DAVID*****XX*1699008045~REF*1W*1143611~REF*1J*E824169~SVC*HC:AEA:60*85*85~DTM*472*20210827~REF*6R*001~AMT*B6*85~SE*44*0001~ST*835*0002~BPR*I*170*C*ACH*CCP*01*051404260*DA*252781161*1541414194**01*321370765*DA*8102075433*20210907~TRN*1*0000526456*1541414194~N1*PR*BEACON HEALTH OPTIONS, INC.~N3*ATTN FINANCE DEPT~N4*NORFOLK*VA*23502~REF*2U*FDX~PER*BL*VALUEOPTIONS EDI HELPDESK*TE*8882479311*EM*ESUPPORTSERVICES@VALUEOPTIONS.COM~N1*PE*SERENITY COUNSELING SERVICES H*XX*1699008045~N3*10641 WINDSMONT CT~N4*LEHIGH ACRES*FL*339367268~REF*TJ*812344400~LX*1~CLP*0*1*85*85**13*06   082721 04065 00459*11~NM1*QC*1*KEENAN*ANNA*M***MI*1140803~NM1*IL*1*KEENAN*ANNA*M***MI*1140803~NM1*82*2*LINARES, DAVID*****XX*1699008045~REF*1W*1140803~REF*1J*E824169~SVC*HC:AEA:60*85*85~DTM*472*20210827~REF*6R*001~AMT*B6*85~CLP*0*1*85*85**13*06   082721 04065 00385*11~NM1*QC*1*WORRELL*JAMES****MI*1061422~NM1*IL*1*WORRELL*JAMES****MI*1061422~NM1*82*2*LINARES, DAVID*****XX*1699008045~REF*1W*1061422~REF*1J*E824169~SVC*HC:AEA:60*85*85~DTM*472*20210827~REF*6R*001~AMT*B6*85~SE*34*0002~ST*835*0003~BPR*I*255*C*ACH*CCP*01*051404260*DA*252781161*1541414194**01*321370765*DA*8102075433*20210907~TRN*1*0000526025*1541414194~N1*PR*BEACON HEALTH OPTIONS, INC.~N3*ATTN FINANCE DEPT~N4*NORFOLK*VA*23502~REF*2U*FDX~PER*BL*VALUEOPTIONS EDI HELPDESK*TE*8882479311*EM*ESUPPORTSERVICES@VALUEOPTIONS.COM~N1*PE*SERENITY COUNSELING SERVICES H*XX*1699008045~N3*10641 WINDSMONT CT~N4*LEHIGH ACRES*FL*339367268~REF*TJ*812344400~LX*1~CLP*0*1*85*85**13*06   082821 04065 00252*11~NM1*QC*1*CUI*BAJUN*M***MI*908655~NM1*IL*1*CUI*BAJUN*M***MI*908655~NM1*82*2*LINARES, DAVID*****XX*1699008045~REF*1W*908655~REF*1J*E824169~SVC*HC:AEA:60*85*85~DTM*472*20210828~REF*6R*001~AMT*B6*85~CLP*0*1*85*85**13*06   082721 04065 00347*11~NM1*QC*1*LINGLEY*JEREMIAH*E***MI*368612~NM1*IL*1*LINGLEY*JEREMIAH*E***MI*368612~NM1*82*2*LINARES, DAVID*****XX*1699008045~REF*1W*368612~REF*1J*E824169~SVC*HC:AEA:60*85*85~DTM*472*20210827~REF*6R*001~AMT*B6*85~CLP*0*1*85*85**13*06   082821 04065 00264*11~NM1*QC*1*LINGLEY*JEREMIAH*E***MI*368612~NM1*IL*1*LINGLEY*JEREMIAH*E***MI*368612~NM1*82*2*LINARES, DAVID*****XX*1699008045~REF*1W*368612~REF*1J*E824169~SVC*HC:AEA:60*85*85~DTM*472*20210828~REF*6R*001~AMT*B6*85~SE*44*0003~GE*3*868021727~IEA*1*868021727~