ISA*00*          *00*          *ZZ*330897513      *ZZ*MEDBOSSC       *211006*0855*^*00501*878675136*0*P*:~GS*HP*330897513*MEDBOSSC*20211006*0855*878675136*X*005010X221A1~ST*835*0001~BPR*I*117.6*C*ACH*CCP*01*031202770*DA*8026501176*1841160004*000000000*01*321370765*DA*8102075433*20211007~TRN*1*5406522277VT2*1860813402*000000000~REF*EV*7GW1459CA3~REF*F2*1588011043    R35011004002673~DTM*405*20211004~N1*PR*TRIWEST HEALTHCARE ALLIANCE~N3*PO BOX 42270~N4*PHOENIX*AZ*850802270~PER*CX**TE*8772268749~PER*BL*VA CCN PROVIDER SERVICES*TE*8002590264~PER*IC**UR*WWW.TRIWEST.COM~N1*PE*DAVID LINARES*XX*1588011043~N3*APT 3U*94-1261 LUMIKULA ST~N4*WAIPAHU*HI*96797~REF*TJ*812344400~LX*1~CLP*603-4499*1*150*117.6**VA*H264X16980000*11*1~NM1*QC*1*AYERS*JERAME****MI*1003726487V072972~DTM*050*20210921~AMT*AU*117.6~SVC*HC:90837:95*150*117.6~DTM*472*20210905~CAS*CO*45*32.4~REF*6R*053603-4499~AMT*B6*117.6~LX*2~CLP*422-4857*1*120*0**VA*H265X1FNB0000*11*1~NM1*QC*1*LONDON*EVELYN****MI*1011376271V720636~DTM*050*20210922~SVC*HC:90834:95*120*0~DTM*472*20210728~CAS*CO*288*120~REF*6R*228422-4857~LQ*HE*N489~LX*3~CLP*422-4922*1*120*0**VA*H265X1FNC0000*11*1~NM1*QC*1*LONDON*EVELYN****MI*1011376271V720636~DTM*050*20210922~SVC*HC:90834:95*120*0~DTM*472*20210811~CAS*CO*288*120~REF*6R*229422-4922~LQ*HE*N489~LX*4~CLP*422-4931*1*120*0**VA*H265X1FNK0000*11*1~NM1*QC*1*LONDON*EVELYN****MI*1011376271V720636~DTM*050*20210922~SVC*HC:90834:95*120*0~DTM*472*20210818~CAS*CO*288*120~REF*6R*230422-4931~LQ*HE*N489~LX*5~CLP*422-4933*1*120*0**VA*H265X1FNL0000*11*1~NM1*QC*1*LONDON*EVELYN****MI*1011376271V720636~DTM*050*20210922~SVC*HC:90834:95*120*0~DTM*472*20210825~CAS*CO*288*120~REF*6R*231422-4933~LQ*HE*N489~LX*6~CLP*422-4936*1*120*0**VA*H265X1FNM0000*11*1~NM1*QC*1*LONDON*EVELYN****MI*1011376271V720636~DTM*050*20210922~SVC*HC:90834:95*120*0~DTM*472*20210830~CAS*CO*288*120~REF*6R*232422-4936~LQ*HE*N489~LX*7~CLP*422-4940*1*120*0**VA*H265X1FNR0000*11*1~NM1*QC*1*LONDON*EVELYN****MI*1011376271V720636~DTM*050*20210922~SVC*HC:90834:95*120*0~DTM*472*20210920~CAS*CO*288*120~REF*6R*233422-4940~LQ*HE*N489~LX*8~CLP*422-4942*1*120*0**VA*H265X1FNS0000*11*1~NM1*QC*1*LONDON*EVELYN****MI*1011376271V720636~DTM*050*20210922~SVC*HC:90834:95*120*0~DTM*472*20210913~CAS*CO*288*120~REF*6R*234422-4942~LQ*HE*N489~LX*9~CLP*422-4945*1*120*0**VA*H265X1FNT0000*11*1~NM1*QC*1*LONDON*EVELYN****MI*1011376271V720636~DTM*050*20210922~SVC*HC:90834:95*120*0~DTM*472*20210909~CAS*CO*288*120~REF*6R*235422-4945~LQ*HE*N489~LX*10~CLP*422-4920*1*120*0**VA*H265X1FN80000*11*1~NM1*QC*1*LONDON*EVELYN****MI*1011376271V720636~DTM*050*20210922~SVC*HC:90834:95*120*0~DTM*472*20210804~CAS*CO*288*120~REF*6R*239422-4920~LQ*HE*N489~SE*108*0001~GE*1*878675136~IEA*1*878675136~