ISA*00*          *00*          *ZZ*330897513      *ZZ*MEDBOSSC       *210720*0701*^*00501*853386533*0*P*:~GS*HP*330897513*MEDBOSSC*20210720*0701*853386533*X*005010X221A1~ST*835*0001~BPR*I*195.75*C*BOP**01*041203824*DA*9600149455*1111113627*000004567*01*124384877*DA*62431XXXX*20210721~TRN*1*2021072111800407*1111113627*000004567~REF*EV*BFT220003440~REF*F2*1333~DTM*405*20210719~N1*PR*UNITEDHEALTHCARE INSURANCE COMPANY*XV*04567~N3*UNITEDHEALTHCARE COMMUNITY   STATE*P.O. BOX 5290~N4*KINGSTON*NY*12402~REF*2U*04567~REF*EO*1111113627~PER*CX*UNITEDHEALTHCARE INSURANCE COMPANY*TE*8889808728~PER*BL*UHC ESOLUTIONS COMMUNITY HEALTHPLAN*EM*AC_EDI_OPS@UHC.COM~N1*PE*SERENITY COUNSELING SERVICES HAWAII LLC*XX*1588011043~N3*94-1261 LUMIKULA ST STE 3U~N4*WAIPAHU*HI*967974087~REF*TJ*812344400~LX*1~TS3*006116310001*11*20211231*8*0~CLP*928197394*22*-190*0**MC*20L247938500*11*1~NM1*QC*1*VITELLI*DANIELLE*L***MI*0002572045~NM1*82*1*FERREIRA*LORI***EDD*XX*1811143126~REF*CE*HI QI NON-DUAL EXPANSION CHIP~DTM*232*20201121~DTM*233*20201121~DTM*050*20201204~SVC*HC:90791:95*-190*0~DTM*472*20201121~CAS*CO*197*-87.75**45*-102.25~REF*LU*M1~REF*6R*928381807~CLP*928197394*1*190*87.75**MC*20L247938501*02*7~NM1*QC*1*VITELLI*DANIELLE*L***MI*0002572045~NM1*82*1*FERREIRA*LORI***EDD*XX*1811143126~REF*CE*HI QI NON-DUAL EXPANSION CHIP~DTM*232*20201121~DTM*233*20201121~DTM*050*20210713~AMT*AU*87.75~SVC*HC:90791:95*190*87.75~DTM*472*20201121~CAS*CO*45*102.25~REF*LU*M1~REF*6R*5523564547~AMT*B6*87.75~CLP*928195043*22*-120*0**MC*20L247940900*11*1~NM1*QC*1*VITELLI*DANIELLE*L***MI*0002572045~REF*CE*HI QI NON-DUAL EXPANSION CHIP~DTM*232*20201129~DTM*233*20201129~DTM*050*20201204~SVC*HC:90834:95*-120*0~DTM*472*20201129~CAS*CO*197*-77**45*-43~REF*LU*M1~REF*6R*928377259~CLP*928195043*1*120*57.75**MC*20L247940901*02*7~NM1*QC*1*VITELLI*DANIELLE*L***MI*0002572045~NM1*82*1*FERREIRA*LORI***EDD*XX*1811143126~REF*CE*HI QI NON-DUAL EXPANSION CHIP~DTM*232*20201129~DTM*233*20201129~DTM*050*20210713~AMT*AU*57.75~SVC*HC:90834:95*120*57.75~DTM*472*20201129~CAS*CO*45*62.25~REF*LU*M1~REF*6R*5523564600~AMT*B6*57.75~CLP*928221877*22*-120*0**MC*20L660812800*11*1~NM1*QC*1*VITELLI*DANIELLE*L***MI*0002572045~NM1*82*1*FERREIRA*LORI***EDD*XX*1811143126~REF*CE*HI QI NON-DUAL EXPANSION CHIP~DTM*232*20201212~DTM*233*20201212~DTM*050*20201217~SVC*HC:90834:95*-120*0~DTM*472*20201212~CAS*CO*197*-57.75**45*-62.25~REF*LU*M1~REF*6R*928427891~CLP*928221877*1*120*57.75**MC*20L660812801*02*7~NM1*QC*1*VITELLI*DANIELLE*L***MI*0002572045~NM1*82*1*FERREIRA*LORI***EDD*XX*1811143126~REF*CE*HI QI NON-DUAL EXPANSION CHIP~DTM*232*20201212~DTM*233*20201212~DTM*050*20210713~AMT*AU*57.75~SVC*HC:90834:95*120*57.75~DTM*472*20201212~CAS*CO*45*62.25~REF*LU*M1~REF*6R*5523564589~AMT*B6*57.75~CLP*928281021*22*-120*0**MC*21A665398700*11*1~NM1*QC*1*JOAO*JOSEPH*K***MI*0000237923~NM1*82*1*FERREIRA*LORI***EDD*XX*1811143126~REF*CE*HI QI NON-CCS LTSS NON-DUAL~DTM*232*20210106~DTM*233*20210106~DTM*050*20210120~SVC*HC:90834:95*-120*0~DTM*472*20210106~CAS*CO*197*-57.75**45*-62.25~REF*LU*M1~REF*6R*928540256~CLP*928281021*1*120*57.75**MC*21A665398701*02*7~NM1*QC*1*JOAO*JOSEPH*K***MI*0000237923~NM1*82*1*FERREIRA*LORI***EDD*XX*1811143126~REF*CE*HI QI NON-CCS LTSS NON-DUAL~DTM*232*20210106~DTM*233*20210106~DTM*050*20210714~AMT*AU*57.75~SVC*HC:90834:95*120*57.75~DTM*472*20210106~CAS*CO*45*62.25~REF*LU*M1~REF*6R*5523564622~AMT*B6*57.75~PLB*006313396002*20211231*WO:20210716,5654662819*65.25~SE*124*0001~GE*1*853386533~IEA*1*853386533~