ISA*00*          *00*          *ZZ*330897513      *ZZ*MEDBOSSC       *210811*0717*^*00501*860357867*0*P*:~GS*HP*330897513*MEDBOSSC*20210811*0717*860357867*X*005010X221A1~ST*835*0001~BPR*I*13459.36*C*CHK************20210810~TRN*1*0010635102TR1*1571132733~REF*EV*7GW0013CA3~REF*F2*1588011043    R88010810007751~DTM*405*20210810~N1*PR*PGBA,LLC~N3*TRICARE WEST REGION CLAIMS*P.O. BOX 202112~N4*FLORENCE*SC*295022112~PER*CX*TRICARE WEST REGION CLAIMS CORRESPONDENCE*TE*8448669378~PER*BL*TRICARE ELECTRONIC CLAIMS SERVICE CENTER*TE*8003255920~N1*PE*SERENITY COUNSELING SERVICES H*XX*1588011043~N3*SUITE 201*99-149 MOANALUA RD~N4*AIEA*HI*96701~REF*TJ*812344400~LX*1~CLP*620-3203*22*-120*0**CH*H207X4H980000*02*7~NM1*QC*1*JOHNSON*MIHO****HN*620-3203~SVC*HC:90834:95*-120*0~DTM*472*20210724~CAS*CO*242*-50.82~CAS*PR*1*-69.18~LX*2~CLP*620-3203*1*120*69.18**CH*H207X4H980001*02*7~NM1*QC*1*JOHNSON*MIHO****HN*620-3203~NM1*IL*1*JOHNSON*COREY*S***MI*105566554~NM1*82*1*FERREIRA*LORI****XX*1811143126~REF*F8*H207X4H980000~REF*1H*576766277~DTM*050*20210726~AMT*AU*69.18~SVC*HC:90834:95*120*69.18~DTM*472*20210724~CAS*CO*45*50.82~AMT*B6*69.18~LX*3~CLP*928530267*1*175*0**CH*H214X0YTD0000*11*1~NM1*QC*1*MARSI*KATE*D***HN*928530267~NM1*IL*1*MARSI*RYAN*E***MI*624489057~NM1*82*1*PLAYTER*AILEEN*T***XX*1013394097~REF*1H*575843780~DTM*050*20210802~SVC*HC:90837:95*175*0~DTM*472*20210520~CAS*CO*18*175~REF*6R*928992204~LQ*HE*N522~LX*4~CLP*928488176*1*175*0**CH*H214X0YTF0000*11*1~NM1*QC*1*MARSI*KATE*D***HN*928488176~NM1*IL*1*MARSI*RYAN*E***MI*624489057~NM1*82*1*PLAYTER*AILEEN*T***XX*1013394097~REF*1H*575843780~DTM*050*20210802~SVC*HC:90837:95*175*0~DTM*472*20210426~CAS*CO*18*175~REF*6R*928919139~LQ*HE*N522~LX*5~CLP*928333246*1*120*72.57**CH*H214X00FD0000*11*1~NM1*QC*1*ATWATER*ELIZABETH*A***HN*928333246~NM1*IL*1*ATWATER*GRAHAM*D***MI*601788051~NM1*82*1*PLAYTER*AILEEN*T***XX*1013394097~REF*1H*575843780~DTM*050*20210802~AMT*AU*72.57~SVC*HC:90834:95*120*72.57~DTM*472*20210128~CAS*CO*45*47.43~REF*6R*928642543~AMT*B6*72.57~LX*6~CLP*928448502*1*175*117.6**CH*H214X00FF0000*11*1~NM1*QC*1*ATWATER*ELIZABETH*A***HN*928448502~NM1*IL*1*ATWATER*GRAHAM*D***MI*601788051~NM1*82*1*PLAYTER*AILEEN*T***XX*1013394097~REF*1H*575843780~DTM*050*20210802~AMT*AU*117.6~SVC*HC:90837:95*175*117.6~DTM*472*20210409~CAS*CO*45*57.4~REF*6R*928850488~AMT*B6*117.6~LX*7~CLP*928388551*1*90*54.59**CH*H214X00F80000*11*1~NM1*QC*1*SCOTT*TIMOTHY*C***HN*928388551~NM1*IL*1*SCOTT*BRENDEN*C***MI*536175447~NM1*82*1*PLAYTER*AILEEN*T***XX*1013394097~REF*1H*575843780~DTM*050*20210802~AMT*AU*54.59~SVC*HC:90832:95*90*54.59~DTM*472*20210218~CAS*CO*45*35.41~REF*6R*928747586~AMT*B6*54.59~LX*8~CLP*928277537*1*120*72.57**CH*H214X00F90000*11*1~NM1*QC*1*ATWATER*ELIZABETH*A***HN*928277537~NM1*IL*1*ATWATER*GRAHAM*D***MI*601788051~NM1*82*1*PLAYTER*AILEEN*T***XX*1013394097~REF*1H*575843780~DTM*050*20210802~AMT*AU*72.57~SVC*HC:90834:95*120*72.57~DTM*472*20210105~CAS*CO*45*47.43~REF*6R*928533956~AMT*B6*72.57~LX*9~CLP*551-835*1*120*0**CH*H216X0RDY0000*11*1~NM1*QC*1*SEGOVIA GUERRER*ANDREA*C***HN*551-835~NM1*IL*1*EGIZII*JOHN*E***MI*302966294~DTM*050*20210804~SVC*HC:90834:95*120*0~DTM*472*20210430~CAS*CO*18*120~REF*6R*306551-835~LQ*HE*N522~LX*10~CLP*928530265*1*175*0**CH*H216X13TM0000*11*1~NM1*QC*1*COUTURE*CECILY*E***HN*928530265~NM1*IL*1*SCOTT*BRENDEN*C***MI*536175447~NM1*82*1*PLAYTER*AILEEN*T***XX*1013394097~REF*1H*575843780~DTM*050*20210804~SVC*HC:90837:95*175*0~DTM*472*20210520~CAS*CO*18*175~REF*6R*928992202~LQ*HE*N522~LX*11~CLP*928543233*1*175*0**CH*H216X13TN0000*11*1~NM1*QC*1*MARSI*KATE*D***HN*928543233~NM1*IL*1*MARSI*RYAN*E***MI*624489057~NM1*82*1*PLAYTER*AILEEN*T***XX*1013394097~REF*1H*575843780~DTM*050*20210804~SVC*HC:90837:95*175*0~DTM*472*20210514~CAS*CO*18*175~REF*6R*9281014667~LQ*HE*N522~LX*12~CLP*928543339*1*175*0**CH*H216X13TP0000*11*1~NM1*QC*1*MARSI*KATE*D***HN*928543339~NM1*IL*1*MARSI*RYAN*E***MI*624489057~NM1*82*1*PLAYTER*AILEEN*T***XX*1013394097~REF*1H*575843780~DTM*050*20210804~SVC*HC:90837:95*175*0~DTM*472*20210528~CAS*CO*18*175~REF*6R*9281014818~LQ*HE*N522~LX*13~CLP*724-3336*1*150*58.66*58.65*CH*H216X53YL0000*11*1~NM1*QC*1*MARSI*KATE*D***HN*724-3336~NM1*IL*1*MARSI*RYAN*E***MI*624489057~NM1*82*1*PLAYTER*AILEEN*T***XX*1013394097~REF*1H*575843780~DTM*050*20210804~AMT*AU*117.31~SVC*HC:90837:95*150*58.66~DTM*472*20210730~CAS*CO*242*32.69~CAS*PR*2*58.65~REF*6R*135724-3336~AMT*B6*117.31~LQ*HE*N212~LX*14~CLP*706-3360*1*120*0*78.98*CH*H216X53YP0000*11*1~NM1*QC*1*GOSWICK*GINA*M***HN*706-3360~NM1*IL*1*GOSWICK*ADAM*J***MI*226576761~NM1*82*1*PLAYTER*AILEEN*T***XX*1013394097~REF*1H*575843780~DTM*050*20210804~AMT*AU*78.98~SVC*HC:90847:95*120*0~DTM*472*20210730~CAS*CO*45*41.02~CAS*PR*1*78.98~REF*6R*137706-3360~AMT*B6*78.98~LX*15~CLP*928200854*1*190*112.09**CH*H216402DG0000*11*1~NM1*QC*1*JETT*SYDNEY*H***HN*928200854~NM1*IL*1*JETT*MATTHEW*C***MI*303086720~NM1*82*1*PLAYTER*AILEEN*T***XX*1013394097~REF*1H*575843780~DTM*050*20210804~AMT*AU*112.09~SVC*HC:90791:95*190*112.09~DTM*472*20201201~CAS*CO*45*77.91~AMT*B6*112.09~LX*16~CLP*928208885*1*120*72.57**CH*H216402DZ0000*11*1~NM1*QC*1*JETT*SYDNEY*H***HN*928208885~NM1*IL*1*JETT*MATTHEW*C***MI*303086720~NM1*82*1*PLAYTER*AILEEN*T***XX*1013394097~REF*1H*575843780~DTM*050*20210804~AMT*AU*72.57~SVC*HC:90834:95*120*72.57~DTM*472*20201208~CAS*CO*45*47.43~AMT*B6*72.57~LX*17~CLP*928248431*1*175*108.69**CH*H216402FC0000*11*1~NM1*QC*1*JETT*SYDNEY*H***HN*928248431~NM1*IL*1*JETT*MATTHEW*C***MI*303086720~NM1*82*1*PLAYTER*AILEEN*T***XX*1013394097~REF*1H*575843780~DTM*050*20210804~AMT*AU*108.69~SVC*HC:90837:95*175*108.69~DTM*472*20201216~CAS*CO*45*66.31~AMT*B6*108.69~LX*18~CLP*928244404*1*175*108.69**CH*H216402FH0000*11*1~NM1*QC*1*JETT*SYDNEY*H***HN*928244404~NM1*IL*1*JETT*MATTHEW*C***MI*303086720~NM1*82*1*PLAYTER*AILEEN*T***XX*1013394097~REF*1H*575843780~DTM*050*20210804~AMT*AU*108.69~SVC*HC:90837:95*175*108.69~DTM*472*20201229~CAS*CO*45*66.31~AMT*B6*108.69~LX*19~CLP*928388551*1*90*0**CH*H216402XZ0000*11*1~NM1*QC*1*SCOTT*TIMOTHY*C***HN*928388551~NM1*IL*1*SCOTT*BRENDEN*C***MI*536175447~NM1*82*1*PLAYTER*AILEEN*T***XX*1013394097~REF*1H*575843780~DTM*050*20210804~SVC*HC:90832:95*90*0~DTM*472*20210218~CAS*CO*18*90~LQ*HE*N522~LX*20~CLP*928248324*1*120*72.57**CH*H216402YC0000*11*1~NM1*QC*1*SCOTT*TIMOTHY*C***HN*928248324~NM1*IL*1*SCOTT*BRENDEN*C***MI*536175447~NM1*82*1*PLAYTER*AILEEN*T***XX*1013394097~REF*1H*575843780~DTM*050*20210804~AMT*AU*72.57~SVC*HC:90834:95*120*72.57~DTM*472*20201218~CAS*CO*45*47.43~AMT*B6*72.57~LX*21~CLP*928214529*1*150*81.41**CH*H216402YD0000*11*1~NM1*QC*1*SCOTT*TIMOTHY*C***HN*928214529~NM1*IL*1*SCOTT*BRENDEN*C***MI*536175447~NM1*82*1*PLAYTER*AILEEN*T***XX*1013394097~REF*1H*575843780~DTM*050*20210804~AMT*AU*81.41~SVC*HC:90847:95*150*81.41~DTM*472*20201211~CAS*CO*45*68.59~AMT*B6*81.41~LX*22~CLP*928200812*1*90*54.59**CH*H216402YG0000*11*1~NM1*QC*1*SCOTT*TIMOTHY*C***HN*928200812~NM1*IL*1*SCOTT*BRENDEN*C***MI*536175447~NM1*82*1*PLAYTER*AILEEN*T***XX*1013394097~REF*1H*575843780~DTM*050*20210804~AMT*AU*54.59~SVC*HC:90832:95*90*54.59~DTM*472*20201204~CAS*CO*45*35.41~AMT*B6*54.59~LX*23~CLP*928197422*1*90*54.59**CH*H216402YJ0000*11*1~NM1*QC*1*SCOTT*TIMOTHY*C***HN*928197422~NM1*IL*1*SCOTT*BRENDEN*C***MI*536175447~NM1*82*1*PLAYTER*AILEEN*T***XX*1013394097~REF*1H*575843780~DTM*050*20210804~AMT*AU*54.59~SVC*HC:90832:95*90*54.59~DTM*472*20201120~CAS*CO*45*35.41~AMT*B6*54.59~LX*24~CLP*928167765*1*120*72.57**CH*H216402YM0000*11*1~NM1*QC*1*SCOTT*TIMOTHY*C***HN*928167765~NM1*IL*1*SCOTT*BRENDEN*C***MI*536175447~NM1*82*1*PLAYTER*AILEEN*T***XX*1013394097~REF*1H*575843780~DTM*050*20210804~AMT*AU*72.57~SVC*HC:90834:95*120*72.57~DTM*472*20201113~CAS*CO*45*47.43~AMT*B6*72.57~LX*25~CLP*928388088*1*90*54.59**CH*H216402Y00000*11*1~NM1*QC*1*SCOTT*TIMOTHY*C***HN*928388088~NM1*IL*1*SCOTT*BRENDEN*C***MI*536175447~NM1*82*1*PLAYTER*AILEEN*T***XX*1013394097~REF*1H*575843780~DTM*050*20210804~AMT*AU*54.59~SVC*HC:90832:95*90*54.59~DTM*472*20210212~CAS*CO*45*35.41~AMT*B6*54.59~LX*26~CLP*928373390*1*120*72.57**CH*H216402Y30000*11*1~NM1*QC*1*SCOTT*TIMOTHY*C***HN*928373390~NM1*IL*1*SCOTT*BRENDEN*C***MI*536175447~NM1*82*1*PLAYTER*AILEEN*T***XX*1013394097~REF*1H*575843780~DTM*050*20210804~AMT*AU*72.57~SVC*HC:90834:95*120*72.57~DTM*472*20210202~CAS*CO*45*47.43~AMT*B6*72.57~LX*27~CLP*928334498*1*120*72.57**CH*H216402Y50000*11*1~NM1*QC*1*SCOTT*TIMOTHY*C***HN*928334498~NM1*IL*1*SCOTT*BRENDEN*C***MI*536175447~NM1*82*1*PLAYTER*AILEEN*T***XX*1013394097~REF*1H*575843780~DTM*050*20210804~AMT*AU*72.57~SVC*HC:90834:95*120*72.57~DTM*472*20210126~CAS*CO*45*47.43~AMT*B6*72.57~LX*28~CLP*928278078*1*120*72.57**CH*H216402Y70000*11*1~NM1*QC*1*SCOTT*TIMOTHY*C***HN*928278078~NM1*IL*1*SCOTT*BRENDEN*C***MI*536175447~NM1*82*1*PLAYTER*AILEEN*T***XX*1013394097~REF*1H*575843780~DTM*050*20210804~AMT*AU*72.57~SVC*HC:90834:95*120*72.57~DTM*472*20210115~CAS*CO*45*47.43~AMT*B6*72.57~LX*29~CLP*928277525*1*120*72.57**CH*H216402Y80000*11*1~NM1*QC*1*SCOTT*TIMOTHY*C***HN*928277525~NM1*IL*1*SCOTT*BRENDEN*C***MI*536175447~NM1*82*1*PLAYTER*AILEEN*T***XX*1013394097~REF*1H*575843780~DTM*050*20210804~AMT*AU*72.57~SVC*HC:90834:95*120*72.57~DTM*472*20210105~CAS*CO*45*47.43~AMT*B6*72.57~LX*30~CLP*928241922*1*120*72.57**CH*H216402Y90000*11*1~NM1*QC*1*SCOTT*TIMOTHY*C***HN*928241922~NM1*IL*1*SCOTT*BRENDEN*C***MI*536175447~NM1*82*1*PLAYTER*AILEEN*T***XX*1013394097~REF*1H*575843780~DTM*050*20210804~AMT*AU*72.57~SVC*HC:90834*120*72.57~DTM*472*20201228~CAS*CO*45*47.43~AMT*B6*72.57~LX*31~CLP*928149774*1*120*72.57**CH*H216402ZQ0000*11*1~NM1*QC*1*GORDON*PRECIOUS*C***HN*928149774~NM1*IL*1*GORDON*PIERRE*J***MI*102062180~NM1*82*1*PLAYTER*AILEEN*T***XX*1013394097~REF*1H*575843780~DTM*050*20210804~AMT*AU*72.57~SVC*HC:90834:95*120*72.57~DTM*472*20201103~CAS*CO*45*47.43~AMT*B6*72.57~LX*32~CLP*928148420*1*175*108.69**CH*H216402ZZ0000*11*1~NM1*QC*1*GORDON*PRECIOUS*C***HN*928148420~NM1*IL*1*GORDON*PIERRE*J***MI*102062180~NM1*82*1*PLAYTER*AILEEN*T***XX*1013394097~REF*1H*575843780~DTM*050*20210804~AMT*AU*108.69~SVC*HC:90837:95*175*108.69~DTM*472*20201027~CAS*CO*45*66.31~AMT*B6*108.69~LX*33~CLP*928149788*1*190*112.09**CH*H216402Z80000*11*1~NM1*QC*1*SCOTT*TIMOTHY*C***HN*928149788~NM1*IL*1*SCOTT*BRENDEN*C***MI*536175447~NM1*82*1*PLAYTER*AILEEN*T***XX*1013394097~REF*1H*575843780~DTM*050*20210804~AMT*AU*112.09~SVC*HC:90791:95*190*112.09~DTM*472*20201103~CAS*CO*45*77.91~AMT*B6*112.09~LX*34~CLP*928121480*1*190*112.09**CH*H2164030R0000*11*1~NM1*QC*1*GORDON*PRECIOUS*C***HN*928121480~NM1*IL*1*GORDON*PIERRE*J***MI*102062180~NM1*82*1*PLAYTER*AILEEN*T***XX*1013394097~REF*1H*575843780~DTM*050*20210804~AMT*AU*112.09~SVC*HC:90791:95*190*112.09~DTM*472*20201016~CAS*CO*45*77.91~AMT*B6*112.09~LX*35~CLP*928121395*1*175*108.69**CH*H216403030000*11*1~NM1*QC*1*GORDON*PRECIOUS*C***HN*928121395~NM1*IL*1*GORDON*PIERRE*J***MI*102062180~NM1*82*1*PLAYTER*AILEEN*T***XX*1013394097~REF*1H*575843780~DTM*050*20210804~AMT*AU*108.69~SVC*HC:90837:95*175*108.69~DTM*472*20201021~CAS*CO*45*66.31~AMT*B6*108.69~LX*36~CLP*928529582*1*120*72.57**CH*H2164031R0000*11*1~NM1*QC*1*BURGESS WALKER*AUGUSTUS*S***HN*928529582~NM1*IL*1*WALKER*TIFFANI*B***MI*550630841~NM1*82*1*FERREIRA*LORI****XX*1811143126~REF*1H*576766277~DTM*050*20210804~AMT*AU*72.57~SVC*HC:90834:95*120*72.57~DTM*472*20201229~CAS*CO*45*47.43~AMT*B6*72.57~LX*37~CLP*928447411*1*120*79.64**CH*H2164031S0000*11*1~NM1*QC*1*BURGESS WALKER*AUGUSTUS*S***HN*928447411~NM1*IL*1*WALKER*TIFFANI*B***MI*550630841~NM1*82*1*FERREIRA*LORI****XX*1811143126~REF*1H*576766277~DTM*050*20210804~AMT*AU*79.64~SVC*HC:90834:95*120*79.64~DTM*472*20210322~CAS*CO*45*40.36~AMT*B6*79.64~LX*38~CLP*928470912*1*120*79.64**CH*H2164031T0000*11*1~NM1*QC*1*BURGESS WALKER*AUGUSTUS*S***HN*928470912~NM1*IL*1*WALKER*TIFFANI*B***MI*550630841~NM1*82*1*FERREIRA*LORI****XX*1811143126~REF*1H*576766277~DTM*050*20210804~AMT*AU*79.64~SVC*HC:90834:95*120*79.64~DTM*472*20210405~CAS*CO*45*40.36~AMT*B6*79.64~LX*39~CLP*928491390*1*120*79.64**CH*H2164031V0000*11*1~NM1*QC*1*BURGESS WALKER*AUGUSTUS*S***HN*928491390~NM1*IL*1*WALKER*TIFFANI*B***MI*550630841~NM1*82*1*FERREIRA*LORI****XX*1811143126~REF*1H*576766277~DTM*050*20210804~AMT*AU*79.64~SVC*HC:90834:95*120*79.64~DTM*472*20210426~CAS*CO*45*40.36~AMT*B6*79.64~LX*40~CLP*928278130*1*120*72.57**CH*H2164031Y0000*11*1~NM1*QC*1*JOHNSON*MIHO****HN*928278130~NM1*IL*1*JOHNSON*COREY*S***MI*105566554~NM1*82*1*FERREIRA*LORI****XX*1811143126~REF*1H*576766277~DTM*050*20210804~AMT*AU*72.57~SVC*HC:90834:95*120*72.57~DTM*472*20210109~CAS*CO*45*47.43~AMT*B6*72.57~LX*41~CLP*620-2827*1*120*69.18**CH*H2164031Z0000*02*1~NM1*QC*1*JOHNSON*MIHO****HN*620-2827~NM1*IL*1*JOHNSON*COREY*S***MI*105566554~NM1*82*1*FERREIRA*LORI****XX*1811143126~REF*1H*576766277~DTM*050*20210804~AMT*AU*69.18~SVC*HC:90834:95*120*69.18~DTM*472*20210529~CAS*CO*45*50.82~AMT*B6*69.18~LX*42~CLP*928278087*1*120*72.57**CH*H216403210000*11*1~NM1*QC*1*JOHNSON*MIHO****HN*928278087~NM1*IL*1*JOHNSON*COREY*S***MI*105566554~NM1*82*1*FERREIRA*LORI****XX*1811143126~REF*1H*576766277~DTM*050*20210804~AMT*AU*72.57~SVC*HC:90834:95*120*72.57~DTM*472*20210102~CAS*CO*45*47.43~AMT*B6*72.57~LX*43~CLP*620-2825*1*120*0**CH*H216403220000*02*1~NM1*QC*1*JOHNSON*MIHO****HN*620-2825~NM1*IL*1*JOHNSON*COREY*S***MI*105566554~NM1*82*1*FERREIRA*LORI****XX*1811143126~REF*1H*576766277~DTM*050*20210804~SVC*HC:90834:95*120*0~DTM*472*20210515~CAS*CO*96*120~LQ*HE*N356~LX*44~CLP*928481705*1*120*79.64**CH*H216403240000*11*1~NM1*QC*1*JOHNSON*MIHO****HN*928481705~NM1*IL*1*JOHNSON*COREY*S***MI*105566554~NM1*82*1*FERREIRA*LORI****XX*1811143126~REF*1H*576766277~DTM*050*20210804~AMT*AU*79.64~SVC*HC:90834:95*120*79.64~DTM*472*20210417~CAS*CO*45*40.36~AMT*B6*79.64~LX*45~CLP*928448347*1*120*79.64**CH*H216403250000*11*1~NM1*QC*1*JOHNSON*MIHO****HN*928448347~NM1*IL*1*JOHNSON*COREY*S***MI*105566554~NM1*82*1*FERREIRA*LORI****XX*1811143126~REF*1H*576766277~DTM*050*20210804~AMT*AU*79.64~SVC*HC:90834:95*120*79.64~DTM*472*20210403~CAS*CO*45*40.36~AMT*B6*79.64~LX*46~CLP*587-3470*1*120*0*70.34*CH*H217X06780000*02*1~NM1*QC*1*PEREZ MORAN*ALEXIS*M***HN*587-3470~NM1*IL*1*PEREZMORAN*JOSE*F***MI*612845271~DTM*050*20210805~AMT*AU*70.34~SVC*HC:90834:95*120*0~DTM*472*20210731~CAS*CO*242*49.66~CAS*PR*1*70.34~REF*6R*011587-3470~AMT*B6*70.34~LQ*HE*N212~LX*47~CLP*881-3288*1*150*0*103.96*CH*H217X06790000*02*1~NM1*QC*1*MATERIALE*KATELYN*N***HN*881-3288~NM1*IL*1*MATERIALE*GERARD*A***MI*219478387~NM1*82*1*PLAYTER*AILEEN*T***XX*1013394097~REF*1H*575843780~DTM*050*20210805~AMT*AU*103.96~SVC*HC:90837:95*150*0~DTM*472*20210729~CAS*CO*242*46.04~CAS*PR*1*103.96~REF*6R*013881-3288~AMT*B6*103.96~LQ*HE*N212~LX*48~CLP*928248314*1*120*72.57**CH*H217401GQ0000*11*1~NM1*QC*1*O HOGAIN*RYAN*P***HN*928248314~NM1*82*1*FERREIRA*LORI****XX*1811143126~REF*1H*576766277~DTM*050*20210805~AMT*AU*72.57~SVC*HC:90834:95*120*72.57~DTM*472*20201223~CAS*CO*45*47.43~AMT*B6*72.57~LX*49~CLP*928217897*1*120*72.57**CH*H217401GX0000*11*1~NM1*QC*1*O HOGAIN*RYAN*P***HN*928217897~NM1*82*1*FERREIRA*LORI****XX*1811143126~REF*1H*576766277~DTM*050*20210805~AMT*AU*72.57~SVC*HC:90834:95*120*72.57~DTM*472*20201213~CAS*CO*45*47.43~AMT*B6*72.57~LX*50~CLP*928129802*1*190*112.09**CH*H217401HC0000*11*1~NM1*QC*1*O HOGAIN*RYAN*P***HN*928129802~NM1*82*1*FERREIRA*LORI****XX*1811143126~REF*1H*576766277~DTM*050*20210805~AMT*AU*112.09~SVC*HC:90791:95*190*112.09~DTM*472*20201011~CAS*CO*45*77.91~AMT*B6*112.09~LX*51~CLP*928129781*1*120*72.57**CH*H217401HF0000*11*1~NM1*QC*1*O HOGAIN*RYAN*P***HN*928129781~NM1*82*1*FERREIRA*LORI****XX*1811143126~REF*1H*576766277~DTM*050*20210805~AMT*AU*72.57~SVC*HC:90834:95*120*72.57~DTM*472*20201015~CAS*CO*45*47.43~AMT*B6*72.57~LX*52~CLP*928333256*1*120*72.57**CH*H217401HN0000*11*1~NM1*QC*1*NGUYEN*AMBER*N***HN*928333256~NM1*IL*1*NGUYEN*TUAN*A***MI*463733342~NM1*82*1*FERREIRA*LORI****XX*1811143126~REF*1H*576766277~DTM*050*20210805~AMT*AU*72.57~SVC*HC:90834:95*120*72.57~DTM*472*20210128~CAS*CO*45*47.43~AMT*B6*72.57~LX*53~CLP*928292147*1*120*72.57**CH*H217401HQ0000*11*1~NM1*QC*1*NGUYEN*AMBER*N***HN*928292147~NM1*IL*1*NGUYEN*TUAN*A***MI*463733342~NM1*82*1*FERREIRA*LORI****XX*1811143126~REF*1H*576766277~DTM*050*20210805~AMT*AU*72.57~SVC*HC:90834:95*120*72.57~DTM*472*20210121~CAS*CO*45*47.43~AMT*B6*72.57~LX*54~CLP*928281033*1*120*72.57**CH*H217401HR0000*11*1~NM1*QC*1*NGUYEN*AMBER*N***HN*928281033~NM1*IL*1*NGUYEN*TUAN*A***MI*463733342~NM1*82*1*FERREIRA*LORI****XX*1811143126~REF*1H*576766277~DTM*050*20210805~AMT*AU*72.57~SVC*HC:90834:95*120*72.57~DTM*472*20210113~CAS*CO*45*47.43~AMT*B6*72.57~LX*55~CLP*928278112*1*120*72.57**CH*H217401HT0000*11*1~NM1*QC*1*NGUYEN*AMBER*N***HN*928278112~NM1*IL*1*NGUYEN*TUAN*A***MI*463733342~NM1*82*1*FERREIRA*LORI****XX*1811143126~REF*1H*576766277~DTM*050*20210805~AMT*AU*72.57~SVC*HC:90834:95*120*72.57~DTM*472*20210106~CAS*CO*45*47.43~AMT*B6*72.57~LX*56~CLP*928248251*1*120*72.57**CH*H217401HV0000*11*1~NM1*QC*1*NGUYEN*AMBER*N***HN*928248251~NM1*IL*1*NGUYEN*TUAN*A***MI*463733342~NM1*82*1*FERREIRA*LORI****XX*1811143126~REF*1H*576766277~DTM*050*20210805~AMT*AU*72.57~SVC*HC:90834:95*120*72.57~DTM*472*20201230~CAS*CO*45*47.43~AMT*B6*72.57~LX*57~CLP*928248313*1*120*72.57**CH*H217401HX0000*11*1~NM1*QC*1*NGUYEN*AMBER*N***HN*928248313~NM1*IL*1*NGUYEN*TUAN*A***MI*463733342~NM1*82*1*FERREIRA*LORI****XX*1811143126~REF*1H*576766277~DTM*050*20210805~AMT*AU*72.57~SVC*HC:90834:95*120*72.57~DTM*472*20201223~CAS*CO*45*47.43~AMT*B6*72.57~LX*58~CLP*928219418*1*120*72.57**CH*H217401HY0000*11*1~NM1*QC*1*NGUYEN*AMBER*N***HN*928219418~NM1*IL*1*NGUYEN*TUAN*A***MI*463733342~NM1*82*1*FERREIRA*LORI****XX*1811143126~REF*1H*576766277~DTM*050*20210805~AMT*AU*72.57~SVC*HC:90834:95*120*72.57~DTM*472*20201213~CAS*CO*45*47.43~AMT*B6*72.57~LX*59~CLP*928209060*1*120*72.57**CH*H217401H00000*11*1~NM1*QC*1*O HOGAIN*RYAN*P***HN*928209060~NM1*82*1*FERREIRA*LORI****XX*1811143126~REF*1H*576766277~DTM*050*20210805~AMT*AU*72.57~SVC*HC:90834:95*120*72.57~DTM*472*20201202~CAS*CO*45*47.43~AMT*B6*72.57~LX*60~CLP*928195458*1*120*72.57**CH*H217401H20000*11*1~NM1*QC*1*O HOGAIN*RYAN*P***HN*928195458~NM1*82*1*FERREIRA*LORI****XX*1811143126~REF*1H*576766277~DTM*050*20210805~AMT*AU*72.57~SVC*HC:90834:95*120*72.57~DTM*472*20201125~CAS*CO*45*47.43~AMT*B6*72.57~LX*61~CLP*928197360*1*120*72.57**CH*H217401H30000*11*1~NM1*QC*1*O HOGAIN*RYAN*P***HN*928197360~NM1*82*1*FERREIRA*LORI****XX*1811143126~REF*1H*576766277~DTM*050*20210805~AMT*AU*72.57~SVC*HC:90834:95*120*72.57~DTM*472*20201121~CAS*CO*45*47.43~AMT*B6*72.57~LX*62~CLP*928197505*1*120*72.57**CH*H217401H70000*11*1~NM1*QC*1*O HOGAIN*RYAN*P***HN*928197505~NM1*82*1*FERREIRA*LORI****XX*1811143126~REF*1H*576766277~DTM*050*20210805~AMT*AU*72.57~SVC*HC:90834:95*120*72.57~DTM*472*20201115~CAS*CO*45*47.43~AMT*B6*72.57~LX*63~CLP*928129719*1*120*72.57**CH*H217401H90000*11*1~NM1*QC*1*O HOGAIN*RYAN*P***HN*928129719~NM1*82*1*FERREIRA*LORI****XX*1811143126~REF*1H*576766277~DTM*050*20210805~AMT*AU*72.57~SVC*HC:90834:95*120*72.57~DTM*472*20201022~CAS*CO*45*47.43~AMT*B6*72.57~LX*64~CLP*928200835*1*90*54.59**CH*H217401JC0000*11*1~NM1*QC*1*MCKENZIE*AMANDA*L***HN*928200835~NM1*IL*1*MCKENZIE*JOSEPH*E***MI*400496812~NM1*82*1*PLAYTER*AILEEN*T***XX*1013394097~REF*1H*575843780~DTM*050*20210805~AMT*AU*54.59~SVC*HC:90832:95*90*54.59~DTM*472*20201202~CAS*CO*45*35.41~AMT*B6*54.59~LX*65~CLP*928172066*1*90*54.59**CH*H217401JF0000*11*1~NM1*QC*1*MCKENZIE*AMANDA*L***HN*928172066~NM1*IL*1*MCKENZIE*JOSEPH*E***MI*400496812~NM1*82*1*PLAYTER*AILEEN*T***XX*1013394097~REF*1H*575843780~DTM*050*20210805~AMT*AU*54.59~SVC*HC:90832:95*90*54.59~DTM*472*20201118~CAS*CO*45*35.41~AMT*B6*54.59~LX*66~CLP*928149761*1*120*72.57**CH*H217401JH0000*99*1~NM1*QC*1*MCKENZIE*AMANDA*L***HN*928149761~NM1*IL*1*MCKENZIE*JOSEPH*E***MI*400496812~NM1*82*1*PLAYTER*AILEEN*T***XX*1013394097~REF*1H*575843780~DTM*050*20210805~AMT*AU*72.57~SVC*HC:90834:95*120*72.57~DTM*472*20201104~CAS*CO*45*47.43~AMT*B6*72.57~LX*67~CLP*928121405*1*90*54.59**CH*H217401JJ0000*11*1~NM1*QC*1*MCKENZIE*AMANDA*L***HN*928121405~NM1*IL*1*MCKENZIE*JOSEPH*E***MI*400496812~NM1*82*1*PLAYTER*AILEEN*T***XX*1013394097~REF*1H*575843780~DTM*050*20210805~AMT*AU*54.59~SVC*HC:90832:95*90*54.59~DTM*472*20201021~CAS*CO*45*35.41~AMT*B6*54.59~LX*68~CLP*928111440*1*120*72.57**CH*H217401JL0000*11*1~NM1*QC*1*MCKENZIE*AMANDA*L***HN*928111440~NM1*IL*1*MCKENZIE*JOSEPH*E***MI*400496812~NM1*82*1*PLAYTER*AILEEN*T***XX*1013394097~REF*1H*575843780~DTM*050*20210805~AMT*AU*72.57~SVC*HC:90834:95*120*72.57~DTM*472*20201014~CAS*CO*45*47.43~AMT*B6*72.57~LX*69~CLP*928104280*1*120*72.57**CH*H217401JQ0000*11*1~NM1*QC*1*MCKENZIE*AMANDA*L***HN*928104280~NM1*IL*1*MCKENZIE*JOSEPH*E***MI*400496812~NM1*82*1*PLAYTER*AILEEN*T***XX*1013394097~REF*1H*575843780~DTM*050*20210805~AMT*AU*72.57~SVC*HC:90834:95*120*72.57~DTM*472*20201006~CAS*CO*45*47.43~AMT*B6*72.57~LX*70~CLP*92860818*1*90*54.59**CH*H217401JS0000*11*1~NM1*QC*1*MCKENZIE*AMANDA*L***HN*92860818~NM1*IL*1*MCKENZIE*JOSEPH*E***MI*400496812~NM1*82*1*PLAYTER*AILEEN*T***XX*1013394097~REF*1H*575843780~DTM*050*20210805~AMT*AU*54.59~SVC*HC:90832:95*90*54.59~DTM*472*20200915~CAS*CO*45*35.41~AMT*B6*54.59~LX*71~CLP*92847735*1*190*112.09**CH*H217401JT0000*11*1~NM1*QC*1*MCKENZIE*AMANDA*L***HN*92847735~NM1*IL*1*MCKENZIE*JOSEPH*E***MI*400496812~NM1*82*1*PLAYTER*AILEEN*T***XX*1013394097~REF*1H*575843780~DTM*050*20210805~AMT*AU*112.09~SVC*HC:90791:95*190*112.09~DTM*472*20200909~CAS*CO*45*77.91~AMT*B6*112.09~LX*72~CLP*928277541*1*90*54.59**CH*H217401J90000*11*1~NM1*QC*1*MCKENZIE*AMANDA*L***HN*928277541~NM1*IL*1*MCKENZIE*JOSEPH*E***MI*400496812~NM1*82*1*PLAYTER*AILEEN*T***XX*1013394097~REF*1H*575843780~DTM*050*20210805~AMT*AU*54.59~SVC*HC:90832:95*90*54.59~DTM*472*20210107~CAS*CO*45*35.41~AMT*B6*54.59~LX*73~CLP*928441149*1*120*79.64**CH*H217401KM0000*11*1~NM1*QC*1*DANIBLE*KAITLIN*M***HN*928441149~NM1*IL*1*DANIBLE*JAKE*C***MI*609139651~NM1*82*1*FERREIRA*LORI****XX*1811143126~REF*1H*576766277~DTM*050*20210805~AMT*AU*79.64~SVC*HC:90834:95*120*79.64~DTM*472*20210301~CAS*CO*45*40.36~AMT*B6*79.64~LX*74~CLP*92890593*1*190*112.09**CH*H217401KS0000*11*1~NM1*QC*1*DANIBLE*KAITLIN*M***HN*92890593~NM1*IL*1*DANIBLE*JAKE*C***MI*609139651~NM1*82*1*FERREIRA*LORI****XX*1811143126~REF*1H*576766277~DTM*050*20210805~AMT*AU*112.09~SVC*HC:90791:95*190*112.09~DTM*472*20200919~CAS*CO*45*77.91~AMT*B6*112.09~LX*75~CLP*92890438*1*175*108.69**CH*H217401KT0000*11*1~NM1*QC*1*DANIBLE*KAITLIN*M***HN*92890438~NM1*IL*1*DANIBLE*JAKE*C***MI*609139651~NM1*82*1*FERREIRA*LORI****XX*1811143126~REF*1H*576766277~DTM*050*20210805~AMT*AU*108.69~SVC*HC:90837:95*175*108.69~DTM*472*20200926~CAS*CO*45*66.31~AMT*B6*108.69~LX*76~CLP*928129805*1*120*72.57**CH*H217401KV0000*11*1~NM1*QC*1*DANIBLE*KAITLIN*M***HN*928129805~NM1*IL*1*DANIBLE*JAKE*C***MI*609139651~NM1*82*1*FERREIRA*LORI****XX*1811143126~REF*1H*576766277~DTM*050*20210805~AMT*AU*72.57~SVC*HC:90834:95*120*72.57~DTM*472*20201008~CAS*CO*45*47.43~AMT*B6*72.57~LX*77~CLP*928129769*1*120*72.57**CH*H217401KW0000*11*1~NM1*QC*1*DANIBLE*KAITLIN*M***HN*928129769~NM1*IL*1*DANIBLE*JAKE*C***MI*609139651~NM1*82*1*FERREIRA*LORI****XX*1811143126~REF*1H*576766277~DTM*050*20210805~AMT*AU*72.57~SVC*HC:90834:95*120*72.57~DTM*472*20201015~CAS*CO*45*47.43~AMT*B6*72.57~LX*78~CLP*928129709*1*120*72.57**CH*H217401KY0000*11*1~NM1*QC*1*DANIBLE*KAITLIN*M***HN*928129709~NM1*IL*1*DANIBLE*JAKE*C***MI*609139651~NM1*82*1*FERREIRA*LORI****XX*1811143126~REF*1H*576766277~DTM*050*20210805~AMT*AU*72.57~SVC*HC:90834:95*120*72.57~DTM*472*20201022~CAS*CO*45*47.43~AMT*B6*72.57~LX*79~CLP*928284824*1*120*72.57**CH*H217401LB0000*11*1~NM1*QC*1*DANIBLE*KAITLIN*M***HN*928284824~NM1*IL*1*DANIBLE*JAKE*C***MI*609139651~NM1*82*1*FERREIRA*LORI****XX*1811143126~REF*1H*576766277~DTM*050*20210805~AMT*AU*72.57~SVC*HC:90834*120*72.57~DTM*472*20201216~CAS*CO*45*47.43~AMT*B6*72.57~LX*80~CLP*928284342*1*120*72.57**CH*H217401LD0000*11*1~NM1*QC*1*DANIBLE*KAITLIN*M***HN*928284342~NM1*IL*1*DANIBLE*JAKE*C***MI*609139651~NM1*82*1*FERREIRA*LORI****XX*1811143126~REF*1H*576766277~DTM*050*20210805~AMT*AU*72.57~SVC*HC:90834*120*72.57~DTM*472*20201221~CAS*CO*45*47.43~AMT*B6*72.57~LX*81~CLP*928281038*1*120*72.57**CH*H217401LG0000*11*1~NM1*QC*1*DANIBLE*KAITLIN*M***HN*928281038~NM1*IL*1*DANIBLE*JAKE*C***MI*609139651~NM1*82*1*FERREIRA*LORI****XX*1811143126~REF*1H*576766277~DTM*050*20210805~AMT*AU*72.57~SVC*HC:90834:95*120*72.57~DTM*472*20210113~CAS*CO*45*47.43~AMT*B6*72.57~LX*82~CLP*928387044*1*120*72.57**CH*H217401LH0000*11*1~NM1*QC*1*DANIBLE*KAITLIN*M***HN*928387044~NM1*IL*1*DANIBLE*JAKE*C***MI*609139651~NM1*82*1*FERREIRA*LORI****XX*1811143126~REF*1H*576766277~DTM*050*20210805~AMT*AU*72.57~SVC*HC:90834:95*120*72.57~DTM*472*20210219~CAS*CO*45*47.43~AMT*B6*72.57~LX*83~CLP*928148582*1*120*72.57**CH*H217401L20000*11*1~NM1*QC*1*DANIBLE*KAITLIN*M***HN*928148582~NM1*IL*1*DANIBLE*JAKE*C***MI*609139651~NM1*82*1*FERREIRA*LORI****XX*1811143126~REF*1H*576766277~DTM*050*20210805~AMT*AU*72.57~SVC*HC:90834:95*120*72.57~DTM*472*20201029~CAS*CO*45*47.43~AMT*B6*72.57~LX*84~CLP*928197532*1*120*72.57**CH*H217401L50000*11*1~NM1*QC*1*DANIBLE*KAITLIN*M***HN*928197532~NM1*IL*1*DANIBLE*JAKE*C***MI*609139651~NM1*82*1*FERREIRA*LORI****XX*1811143126~REF*1H*576766277~DTM*050*20210805~AMT*AU*72.57~SVC*HC:90834:95*120*72.57~DTM*472*20201112~CAS*CO*45*47.43~AMT*B6*72.57~LX*85~CLP*928197435*1*120*72.57**CH*H217401L80000*11*1~NM1*QC*1*DANIBLE*KAITLIN*M***HN*928197435~NM1*IL*1*DANIBLE*JAKE*C***MI*609139651~NM1*82*1*FERREIRA*LORI****XX*1811143126~REF*1H*576766277~DTM*050*20210805~AMT*AU*72.57~SVC*HC:90834:95*120*72.57~DTM*472*20201119~CAS*CO*45*47.43~AMT*B6*72.57~LX*86~CLP*928148414*1*175*108.69**CH*H217401RD0000*11*1~NM1*QC*1*MINER*AMANDA*S***HN*928148414~NM1*IL*1*MINER*AARON*R***MI*524475292~NM1*82*1*PLAYTER*AILEEN*T***XX*1013394097~REF*1H*575843780~DTM*050*20210805~AMT*AU*108.69~SVC*HC:90837:95*175*108.69~DTM*472*20201029~CAS*CO*45*66.31~AMT*B6*108.69~LX*87~CLP*92860828*1*120*72.57**CH*H217401RG0000*11*1~NM1*QC*1*MINER*AMANDA*S***HN*92860828~NM1*IL*1*MINER*AARON*R***MI*524475292~NM1*82*1*PLAYTER*AILEEN*T***XX*1013394097~REF*1H*575843780~DTM*050*20210805~AMT*AU*72.57~SVC*HC:90834:95*120*72.57~DTM*472*20200917~CAS*CO*45*47.43~AMT*B6*72.57~LX*88~CLP*92847740*1*120*72.57**CH*H217401RM0000*11*1~NM1*QC*1*MINER*AMANDA*S***HN*92847740~NM1*IL*1*MINER*AARON*R***MI*524475292~NM1*82*1*PLAYTER*AILEEN*T***XX*1013394097~REF*1H*575843780~DTM*050*20210805~AMT*AU*72.57~SVC*HC:90834:95*120*72.57~DTM*472*20200911~CAS*CO*45*47.43~AMT*B6*72.57~LX*89~CLP*92840484*1*120*72.57**CH*H217401RN0000*11*1~NM1*QC*1*MINER*AMANDA*S***HN*92840484~NM1*IL*1*MINER*AARON*R***MI*524475292~NM1*82*1*PLAYTER*AILEEN*T***XX*1013394097~REF*1H*575843780~DTM*050*20210805~AMT*AU*72.57~SVC*HC:90834:95*120*72.57~DTM*472*20200828~CAS*CO*45*47.43~AMT*B6*72.57~LX*90~CLP*92815037*1*120*72.57**CH*H217401RQ0000*11*1~NM1*QC*1*MINER*AMANDA*S***HN*92815037~NM1*IL*1*MINER*AARON*R***MI*524475292~NM1*82*1*PLAYTER*AILEEN*T***XX*1013394097~REF*1H*575843780~DTM*050*20210805~AMT*AU*72.57~SVC*HC:90834:95*120*72.57~DTM*472*20200821~CAS*CO*45*47.43~AMT*B6*72.57~LX*91~CLP*92814847*1*150*81.41**CH*H217401RR0000*11*1~NM1*QC*1*MINER*AMANDA*S***HN*92814847~NM1*IL*1*MINER*AARON*R***MI*524475292~NM1*82*1*PLAYTER*AILEEN*T***XX*1013394097~REF*1H*575843780~DTM*050*20210805~AMT*AU*81.41~SVC*HC:90847:95*150*81.41~DTM*472*20200807~CAS*CO*45*68.59~AMT*B6*81.41~LX*92~CLP*5654826505*1*190*112.09**CH*H217401RT0000*11*1~NM1*QC*1*MINER*AMANDA*S***HN*5654826505~NM1*IL*1*MINER*AARON*R***MI*524475292~NM1*82*1*PLAYTER*AILEEN*T***XX*1013394097~REF*1H*575843780~DTM*050*20210805~AMT*AU*112.09~SVC*HC:90791:95*190*112.09~DTM*472*20200731~CAS*CO*45*77.91~AMT*B6*112.09~LX*93~CLP*928277530*1*175*108.69**CH*H217401R50000*11*1~NM1*QC*1*MINER*AMANDA*S***HN*928277530~NM1*IL*1*MINER*AARON*R***MI*524475292~NM1*82*1*PLAYTER*AILEEN*T***XX*1013394097~REF*1H*575843780~DTM*050*20210805~AMT*AU*108.69~SVC*HC:90837:95*175*108.69~DTM*472*20210105~CAS*CO*45*66.31~AMT*B6*108.69~LX*94~CLP*928334664*1*120*72.57**CH*H217401TC0000*11*1~NM1*QC*1*MCGILL*LISA*R***HN*928334664~NM1*IL*1*MCGILL*SAMUEL*D***MI*481150110~NM1*82*1*FERREIRA*LORI****XX*1811143126~REF*1H*576766277~DTM*050*20210805~AMT*AU*72.57~SVC*HC:90834:95*120*72.57~DTM*472*20210125~CAS*CO*45*47.43~AMT*B6*72.57~LX*95~CLP*928335859*1*120*72.57**CH*H217401TG0000*11*1~NM1*QC*1*MCGILL*LISA*R***HN*928335859~NM1*IL*1*MCGILL*SAMUEL*D***MI*481150110~NM1*82*1*FERREIRA*LORI****XX*1811143126~REF*1H*576766277~DTM*050*20210805~AMT*AU*72.57~SVC*HC:90834:95*120*72.57~DTM*472*20210118~CAS*CO*45*47.43~AMT*B6*72.57~LX*96~CLP*928281030*1*120*72.57**CH*H217401TK0000*11*1~NM1*QC*1*MCGILL*LISA*R***HN*928281030~NM1*IL*1*MCGILL*SAMUEL*D***MI*481150110~NM1*82*1*FERREIRA*LORI****XX*1811143126~REF*1H*576766277~DTM*050*20210805~AMT*AU*72.57~SVC*HC:90834:95*120*72.57~DTM*472*20210109~CAS*CO*45*47.43~AMT*B6*72.57~LX*97~CLP*928221892*1*120*72.57**CH*H217401TT0000*11*1~NM1*QC*1*HAYES*AMARI****HN*928221892~NM1*IL*1*HAYES*ERIC*C***MI*247350777~NM1*82*1*FERREIRA*LORI****XX*1811143126~REF*1H*576766277~DTM*050*20210805~AMT*AU*72.57~SVC*HC:90834:95*120*72.57~DTM*472*20201210~CAS*CO*45*47.43~AMT*B6*72.57~LQ*HE*N16~LX*98~CLP*928197441*1*120*72.57**CH*H217401V00000*11*1~NM1*QC*1*HAYES*AMARI****HN*928197441~NM1*IL*1*HAYES*ERIC*C***MI*247350777~NM1*82*1*FERREIRA*LORI****XX*1811143126~REF*1H*576766277~DTM*050*20210805~AMT*AU*72.57~SVC*HC:90834:95*120*72.57~DTM*472*20201119~CAS*CO*45*47.43~AMT*B6*72.57~LQ*HE*N16~LX*99~CLP*928197536*1*120*72.57**CH*H217401V40000*11*1~NM1*QC*1*HAYES*AMARI****HN*928197536~NM1*IL*1*HAYES*ERIC*C***MI*247350777~NM1*82*1*FERREIRA*LORI****XX*1811143126~REF*1H*576766277~DTM*050*20210805~AMT*AU*72.57~SVC*HC:90834:95*120*72.57~DTM*472*20201112~CAS*CO*45*47.43~AMT*B6*72.57~LQ*HE*N16~LX*100~CLP*928160069*1*120*72.57**CH*H217401V90000*11*1~NM1*QC*1*HAYES*AMARI****HN*928160069~NM1*IL*1*HAYES*ERIC*C***MI*247350777~NM1*82*1*FERREIRA*LORI****XX*1811143126~REF*1H*576766277~DTM*050*20210805~AMT*AU*72.57~SVC*HC:90834:95*120*72.57~DTM*472*20201105~CAS*CO*45*47.43~AMT*B6*72.57~LQ*HE*N16~LX*101~CLP*928543265*1*120*79.64**CH*H217401WD0000*11*1~NM1*QC*1*SCHRIMPF*ALICIA*N***HN*928543265~NM1*IL*1*SCHRIMPF*JEREMY*M***MI*614423533~NM1*82*1*PLAYTER*AILEEN*T***XX*1013394097~REF*1H*575843780~DTM*050*20210805~AMT*AU*79.64~SVC*HC:90834:95*120*79.64~DTM*472*20210513~CAS*CO*45*40.36~AMT*B6*79.64~LX*102~CLP*928491400*1*175*117.6**CH*H217401WH0000*11*1~NM1*QC*1*SCHRIMPF*ALICIA*N***HN*928491400~NM1*IL*1*SCHRIMPF*JEREMY*M***MI*614423533~NM1*82*1*PLAYTER*AILEEN*T***XX*1013394097~REF*1H*575843780~DTM*050*20210805~AMT*AU*117.6~SVC*HC:90837:95*175*117.6~DTM*472*20210429~CAS*CO*45*57.4~AMT*B6*117.6~LX*103~CLP*928488154*1*175*117.6**CH*H217401WJ0000*11*1~NM1*QC*1*SCHRIMPF*ALICIA*N***HN*928488154~NM1*IL*1*SCHRIMPF*JEREMY*M***MI*614423533~NM1*82*1*PLAYTER*AILEEN*T***XX*1013394097~REF*1H*575843780~DTM*050*20210805~AMT*AU*117.6~SVC*HC:90837:95*175*117.6~DTM*472*20210422~CAS*CO*45*57.4~AMT*B6*117.6~LX*104~CLP*928448523*1*175*117.6**CH*H217401WK0000*11*1~NM1*QC*1*SCHRIMPF*ALICIA*N***HN*928448523~NM1*IL*1*SCHRIMPF*JEREMY*M***MI*614423533~NM1*82*1*PLAYTER*AILEEN*T***XX*1013394097~REF*1H*575843780~DTM*050*20210805~AMT*AU*117.6~SVC*HC:90837:95*175*117.6~DTM*472*20210408~CAS*CO*45*57.4~AMT*B6*117.6~LX*105~CLP*928447474*1*190*139.87**CH*H217401WL0000*11*1~NM1*QC*1*SCHRIMPF*ALICIA*N***HN*928447474~NM1*IL*1*SCHRIMPF*JEREMY*M***MI*614423533~NM1*82*1*PLAYTER*AILEEN*T***XX*1013394097~REF*1H*575843780~DTM*050*20210805~AMT*AU*139.87~SVC*HC:90791:95*190*139.87~DTM*472*20210330~CAS*CO*45*50.13~AMT*B6*139.87~LX*106~CLP*928530254*1*120*79.64**CH*H217401WY0000*11*1~NM1*QC*1*BAXTER*HOPE*O***HN*928530254~NM1*IL*1*BAXTER*WILLIAM*H***MI*457791804~NM1*82*1*FERREIRA*LORI****XX*1811143126~REF*1H*576766277~DTM*050*20210805~AMT*AU*79.64~SVC*HC:90834:95*120*79.64~DTM*472*20210407~CAS*CO*45*40.36~AMT*B6*79.64~LX*107~CLP*928543328*1*120*79.64**CH*H217401W80000*11*1~NM1*QC*1*SCHRIMPF*ALICIA*N***HN*928543328~NM1*IL*1*SCHRIMPF*JEREMY*M***MI*614423533~NM1*82*1*PLAYTER*AILEEN*T***XX*1013394097~REF*1H*575843780~DTM*050*20210805~AMT*AU*79.64~SVC*HC:90834:95*120*79.64~DTM*472*20210527~CAS*CO*45*40.36~AMT*B6*79.64~LX*108~CLP*928374631*1*120*72.57**CH*H217401XC0000*11*1~NM1*QC*1*BAXTER*HOPE*O***HN*928374631~NM1*IL*1*BAXTER*WILLIAM*H***MI*457791804~NM1*82*1*FERREIRA*LORI****XX*1811143126~REF*1H*576766277~DTM*050*20210805~AMT*AU*72.57~SVC*HC:90834:95*120*72.57~DTM*472*20210224~CAS*CO*45*47.43~AMT*B6*72.57~LX*109~CLP*928437649*1*120*72.57**CH*H217401XK0000*11*1~NM1*QC*1*BAXTER*HOPE*O***HN*928437649~NM1*IL*1*BAXTER*WILLIAM*H***MI*457791804~NM1*82*1*FERREIRA*LORI****XX*1811143126~REF*1H*576766277~DTM*050*20210805~AMT*AU*72.57~SVC*HC:90834:95*120*72.57~DTM*472*20210217~CAS*CO*45*47.43~AMT*B6*72.57~LX*110~CLP*928515405*1*120*79.64**CH*H217401X30000*11*1~NM1*QC*1*BAXTER*HOPE*O***HN*928515405~NM1*IL*1*BAXTER*WILLIAM*H***MI*457791804~NM1*82*1*FERREIRA*LORI****XX*1811143126~REF*1H*576766277~DTM*050*20210805~AMT*AU*79.64~SVC*HC:90834:95*120*79.64~DTM*472*20210421~CAS*CO*45*40.36~AMT*B6*79.64~LX*111~CLP*645-2057*1*120*69.18**CH*H217401X40000*02*1~NM1*QC*1*BAXTER*HOPE*O***HN*645-2057~NM1*IL*1*BAXTER*WILLIAM*H***MI*457791804~NM1*82*1*FERREIRA*LORI****XX*1811143126~REF*1H*576766277~DTM*050*20210805~AMT*AU*69.18~SVC*HC:90834:95*120*69.18~DTM*472*20210616~CAS*CO*45*50.82~AMT*B6*69.18~LX*112~CLP*928529602*1*120*79.64**CH*H217401X60000*11*1~NM1*QC*1*BAXTER*HOPE*O***HN*928529602~NM1*IL*1*BAXTER*WILLIAM*H***MI*457791804~NM1*82*1*FERREIRA*LORI****XX*1811143126~REF*1H*576766277~DTM*050*20210805~AMT*AU*79.64~SVC*HC:90834:95*120*79.64~DTM*472*20210317~CAS*CO*45*40.36~AMT*B6*79.64~LX*113~CLP*928529606*1*120*79.64**CH*H217401X70000*11*1~NM1*QC*1*BAXTER*HOPE*O***HN*928529606~NM1*IL*1*BAXTER*WILLIAM*H***MI*457791804~NM1*82*1*FERREIRA*LORI****XX*1811143126~REF*1H*576766277~DTM*050*20210805~AMT*AU*79.64~SVC*HC:90834:95*120*79.64~DTM*472*20210310~CAS*CO*45*40.36~AMT*B6*79.64~LX*114~CLP*928392467*1*120*79.64**CH*H217401X90000*11*1~NM1*QC*1*BAXTER*HOPE*O***HN*928392467~NM1*IL*1*BAXTER*WILLIAM*H***MI*457791804~NM1*82*1*FERREIRA*LORI****XX*1811143126~REF*1H*576766277~DTM*050*20210805~AMT*AU*79.64~SVC*HC:90834:95*120*79.64~DTM*472*20210303~CAS*CO*45*40.36~AMT*B6*79.64~LX*115~CLP*928333228*1*120*72.57**CH*H217402DD0000*11*1~NM1*QC*1*JOHNSON*MIHO****HN*928333228~NM1*IL*1*JOHNSON*COREY*S***MI*105566554~NM1*82*1*FERREIRA*LORI****XX*1811143126~REF*1H*576766277~DTM*050*20210805~AMT*AU*72.57~SVC*HC:90834:95*120*72.57~DTM*472*20210131~CAS*CO*45*47.43~AMT*B6*72.57~LX*116~CLP*928388478*1*120*72.57**CH*H217402DJ0000*11*1~NM1*QC*1*JOHNSON*MIHO****HN*928388478~NM1*IL*1*JOHNSON*COREY*S***MI*105566554~NM1*82*1*FERREIRA*LORI****XX*1811143126~REF*1H*576766277~DTM*050*20210805~AMT*AU*72.57~SVC*HC:90834:95*120*72.57~DTM*472*20210213~CAS*CO*45*47.43~AMT*B6*72.57~LX*117~CLP*928444077*1*120*79.64**CH*H217402D20000*11*1~NM1*QC*1*JOHNSON*MIHO****HN*928444077~NM1*IL*1*JOHNSON*COREY*S***MI*105566554~NM1*82*1*FERREIRA*LORI****XX*1811143126~REF*1H*576766277~DTM*050*20210805~AMT*AU*79.64~SVC*HC:90834:95*120*79.64~DTM*472*20210307~CAS*CO*45*40.36~AMT*B6*79.64~LX*118~CLP*928444188*1*120*79.64**CH*H217402410000*11*1~NM1*QC*1*PEREZ*STEPHANIE*K***HN*928444188~NM1*IL*1*ROSSETTI*CHRISTOPH*H***MI*326824302~NM1*82*1*PLAYTER*AILEEN*T***XX*1013394097~REF*1H*575843780~DTM*050*20210805~AMT*AU*79.64~SVC*HC:90834:95*120*79.64~DTM*472*20210412~CAS*CO*45*40.36~AMT*B6*79.64~LX*119~CLP*928447215*1*120*79.64**CH*H217402930000*11*1~NM1*QC*1*JOHNSON*MIHO****HN*928447215~NM1*IL*1*JOHNSON*COREY*S***MI*105566554~NM1*82*1*FERREIRA*LORI****XX*1811143126~REF*1H*576766277~DTM*050*20210805~AMT*AU*79.64~SVC*HC:90834:95*120*79.64~DTM*472*20210320~CAS*CO*45*40.36~AMT*B6*79.64~LX*120~CLP*928172066*1*90*0**CH*H218X03770000*11*1~NM1*QC*1*MCKENZIE*AMANDA*L***HN*928172066~NM1*IL*1*MCKENZIE*JOSEPH*E***MI*400496812~NM1*82*1*PLAYTER*AILEEN*T***XX*1013394097~REF*1H*575843780~DTM*050*20210806~SVC*HC:90832:95*90*0~DTM*472*20201118~CAS*CO*18*90~REF*6R*928332816~LQ*HE*N522~LX*121~CLP*928248055*1*120*72.57**CH*H218402250000*11*1~NM1*QC*1*GUFFEY*ADELA****HN*928248055~NM1*IL*1*GUFFEY*NICHOLAS*S***MI*557957467~NM1*82*1*FERREIRA*LORI****XX*1811143126~REF*1H*576766277~DTM*050*20210806~AMT*AU*72.57~SVC*HC:90834:95*120*72.57~DTM*472*20201217~CAS*CO*45*47.43~AMT*B6*72.57~LX*122~CLP*928447763*1*175*117.6**CH*H2184025L0000*11*1~NM1*QC*1*CAPPS*TEIGAN*B***HN*928447763~NM1*IL*1*IMADA*AURALEE*A***MI*729127809~NM1*82*1*FERREIRA*LORI****XX*1811143126~REF*1H*576766277~DTM*050*20210806~AMT*AU*117.6~SVC*HC:90837:95*175*117.6~DTM*472*20210326~CAS*CO*45*57.4~AMT*B6*117.6~LX*123~CLP*928543311*1*190*139.87**CH*H2184025V0000*11*1~NM1*QC*1*STEPHENSON*MARIAH*R***HN*928543311~NM1*IL*1*STEPHENSON*NATHAN*R***MI*305902921~NM1*82*1*PLAYTER*AILEEN*T***XX*1013394097~REF*1H*575843780~DTM*050*20210806~AMT*AU*139.87~SVC*HC:90791:95*190*139.87~DTM*472*20210525~CAS*CO*45*50.13~AMT*B6*139.87~LX*124~CLP*400-698*1*120*79.64**CH*H221404HD0000*11*1~NM1*QC*1*ALEXANDER*SANDRA*A***HN*400-698~NM1*IL*1*ALEXANDER*TITO*L***MI*463937671~DTM*050*20210809~AMT*AU*79.64~SVC*HC:90834:95*120*79.64~DTM*472*20210425~CAS*CO*45*40.36~AMT*B6*79.64~LX*125~CLP*928448427*1*175*117.6**CH*H221404HQ0000*11*1~NM1*QC*1*FROMILLE*MOLLY*L***HN*928448427~NM1*IL*1*FROMILLE*SAMUEL*S***MI*216069067~NM1*82*1*WATERS*LORI*M***XX*1760854152~REF*1H*524943302~DTM*050*20210809~AMT*AU*117.6~SVC*HC:90837:95*175*117.6~DTM*472*20210406~CAS*CO*45*57.4~AMT*B6*117.6~LX*126~CLP*928452886*1*175*117.6**CH*H221404HR0000*11*1~NM1*QC*1*FROMILLE*MOLLY*L***HN*928452886~NM1*IL*1*FROMILLE*SAMUEL*S***MI*216069067~NM1*82*1*WATERS*LORI*M***XX*1760854152~REF*1H*524943302~DTM*050*20210809~AMT*AU*117.6~SVC*HC:90837:95*175*117.6~DTM*472*20210413~CAS*CO*45*57.4~AMT*B6*117.6~LX*127~CLP*928543206*1*175*117.6**CH*H221404HS0000*11*1~NM1*QC*1*ETHERIDGE*MARY*E***HN*928543206~NM1*IL*1*ETHERIDGE*CHARLES*M***MI*229539428~DTM*050*20210809~AMT*AU*117.6~SVC*HC:90837:95*175*117.6~DTM*472*20210501~CAS*CO*45*57.4~AMT*B6*117.6~LX*128~CLP*928543996*1*175*117.6**CH*H221404HT0000*11*1~NM1*QC*1*ETHERIDGE*MARY*E***HN*928543996~NM1*IL*1*ETHERIDGE*CHARLES*M***MI*229539428~DTM*050*20210809~AMT*AU*117.6~SVC*HC:90837:95*175*117.6~DTM*472*20210509~CAS*CO*45*57.4~AMT*B6*117.6~LX*129~CLP*928459449*1*175*117.6**CH*H221404H50000*11*1~NM1*QC*1*CAPPS*TEIGAN*B***HN*928459449~NM1*IL*1*IMADA*AURALEE*A***MI*729127809~NM1*82*1*WATERS*LORI*M***XX*1760854152~REF*1H*524943302~DTM*050*20210809~AMT*AU*117.6~SVC*HC:90837:95*175*117.6~DTM*472*20210416~CAS*CO*45*57.4~AMT*B6*117.6~LX*130~CLP*928443853*1*175*117.6**CH*H221404H60000*11*1~NM1*QC*1*MOOGAN*WILLIAM*G***HN*928443853~NM1*IL*1*MOOGAN*WILLIAM*G***MI*056689895~NM1*82*1*WATERS*LORI*M***XX*1760854152~REF*1H*524943302~DTM*050*20210809~AMT*AU*117.6~SVC*HC:90837:95*175*117.6~DTM*472*20210315~CAS*CO*45*57.4~AMT*B6*117.6~LX*131~CLP*551-668*1*120*0**CH*H221404JB0000*11*1~NM1*QC*1*SEGOVIA GUERRER*ANDREA*C***HN*551-668~NM1*IL*1*EGIZII*JOHN*E***MI*302966294~DTM*050*20210809~SVC*HC:90834*120*0~DTM*472*20210423~CAS*CO*18*120~LQ*HE*N522~LX*132~CLP*551-835*1*120*0**CH*H221404JC0000*11*1~NM1*QC*1*SEGOVIA GUERRER*ANDREA*C***HN*551-835~NM1*IL*1*EGIZII*JOHN*E***MI*302966294~DTM*050*20210809~SVC*HC:90834*120*0~DTM*472*20210430~CAS*CO*18*120~LQ*HE*N522~LX*133~CLP*597-1200*1*120*79.64**CH*H221404JD0000*11*1~NM1*QC*1*COMBS*NATHANIEL*D***HN*597-1200~NM1*IL*1*COMBS*DAVID*M***MI*351741750~DTM*050*20210809~AMT*AU*79.64~SVC*HC:90834:95*120*79.64~DTM*472*20210521~CAS*CO*45*40.36~AMT*B6*79.64~LX*134~CLP*928481671*1*120*79.64**CH*H221404JK0000*11*1~NM1*QC*1*NGUYEN*AMBER*N***HN*928481671~NM1*IL*1*NGUYEN*TUAN*A***MI*463733342~NM1*82*1*FERREIRA*LORI****XX*1811143126~REF*1H*576766277~DTM*050*20210809~AMT*AU*79.64~SVC*HC:90834:95*120*79.64~DTM*472*20210415~CAS*CO*45*40.36~AMT*B6*79.64~LX*135~CLP*400-219*1*120*79.64**CH*H221404JR0000*11*1~NM1*QC*1*ALEXANDER*SANDRA*A***HN*400-219~NM1*IL*1*ALEXANDER*TITO*L***MI*463937671~DTM*050*20210809~AMT*AU*79.64~SVC*HC:90834:95*120*79.64~DTM*472*20210411~CAS*CO*45*40.36~AMT*B6*79.64~LX*136~CLP*400-477*1*120*79.64**CH*H221404JS0000*11*1~NM1*QC*1*ALEXANDER*SANDRA*A***HN*400-477~NM1*IL*1*ALEXANDER*TITO*L***MI*463937671~DTM*050*20210809~AMT*AU*79.64~SVC*HC:90834:95*120*79.64~DTM*472*20210418~CAS*CO*45*40.36~AMT*B6*79.64~LX*137~CLP*928447260*1*120*79.64**CH*H221404JT0000*11*1~NM1*QC*1*ALEXANDER*SANDRA*A***HN*928447260~NM1*IL*1*ALEXANDER*TITO*L***MI*463937671~DTM*050*20210809~AMT*AU*79.64~SVC*HC:90834:95*120*79.64~DTM*472*20210322~CAS*CO*45*40.36~AMT*B6*79.64~LX*138~CLP*928437695*1*120*79.64**CH*H221404JV0000*11*1~NM1*QC*1*ALEXANDER*SANDRA*A***HN*928437695~NM1*IL*1*ALEXANDER*TITO*L***MI*463937671~DTM*050*20210809~AMT*AU*79.64~SVC*HC:90834:95*120*79.64~DTM*472*20210329~CAS*CO*45*40.36~AMT*B6*79.64~LX*139~CLP*626-913*1*120*79.64**CH*H221404J00000*11*1~NM1*QC*1*SWINT*CRYSTAL*I***HN*626-913~NM1*IL*1*SWINT*ALEXANDER*D***MI*245713148~DTM*050*20210809~AMT*AU*79.64~SVC*HC:90834*120*79.64~DTM*472*20210508~CAS*CO*45*40.36~AMT*B6*79.64~LX*140~CLP*928447162*1*190*139.87**CH*H221404J10000*11*1~NM1*QC*1*REDMON*JESSICA*H***HN*928447162~NM1*IL*1*REDMON*NICHOLAS*A***MI*281044074~DTM*050*20210809~AMT*AU*139.87~SVC*HC:90791:95*190*139.87~DTM*472*20210320~CAS*CO*45*50.13~AMT*B6*139.87~LX*141~CLP*928447548*1*120*79.64**CH*H221404J40000*11*1~NM1*QC*1*REDMON*JESSICA*H***HN*928447548~NM1*IL*1*REDMON*NICHOLAS*A***MI*281044074~DTM*050*20210809~AMT*AU*79.64~SVC*HC:90834:95*120*79.64~DTM*472*20210328~CAS*CO*45*40.36~AMT*B6*79.64~LX*142~CLP*928448629*1*120*79.64**CH*H221404J50000*11*1~NM1*QC*1*REDMON*JESSICA*H***HN*928448629~NM1*IL*1*REDMON*NICHOLAS*A***MI*281044074~DTM*050*20210809~AMT*AU*79.64~SVC*HC:90834*120*79.64~DTM*472*20210403~CAS*CO*45*40.36~AMT*B6*79.64~LX*143~CLP*928447680*1*175*117.6**CH*H221404J90000*11*1~NM1*QC*1*MOOGAN*WILLIAM*G***HN*928447680~NM1*IL*1*MOOGAN*WILLIAM*G***MI*056689895~NM1*82*1*WATERS*LORI*M***XX*1760854152~REF*1H*524943302~DTM*050*20210809~AMT*AU*117.6~SVC*HC:90837:95*175*117.6~DTM*472*20210329~CAS*CO*45*57.4~AMT*B6*117.6~LX*144~CLP*928529591*1*175*108.69**CH*H221404KC0000*11*1~NM1*QC*1*ROSENBERG*ERICA*D***HN*928529591~NM1*IL*1*ROSENBERG*ROBERT*E***MI*534849523~NM1*82*1*QUAY*MICHAEL****XX*1669002457~REF*1H*256945192~DTM*050*20210809~AMT*AU*108.69~SVC*HC:90837*175*108.69~DTM*472*20210214~CAS*CO*45*66.31~AMT*B6*108.69~LX*145~CLP*928522866*1*150*78.14**CH*H221404KF0000*11*1~NM1*QC*1*MEACHUM*DANIELLE*E***HN*928522866~NM1*IL*1*MEACHUM*BRIAN*G***MI*556831137~DTM*050*20210809~AMT*AU*78.14~SVC*HC:90847:95*150*78.14~DTM*472*20210328~CAS*CO*45*71.86~AMT*B6*78.14~LX*146~CLP*928488143*1*150*78.14**CH*H221404KG0000*11*1~NM1*QC*1*MEACHUM*DANIELLE*E***HN*928488143~NM1*IL*1*MEACHUM*BRIAN*G***MI*556831137~DTM*050*20210809~AMT*AU*78.14~SVC*HC:90847:95*150*78.14~DTM*472*20210307~CAS*CO*45*71.86~AMT*B6*78.14~LX*147~CLP*928444450*1*120*48.64*31*CH*H221404KJ0000*11*1~NM1*QC*1*APONTE*DEBBIE*L***HN*928444450~NM1*IL*1*APONTE*ANGEL*L***MI*575908794~NM1*82*1*WATERS*LORI*M***XX*1760854152~REF*1H*524943302~DTM*050*20210809~AMT*AU*79.64~SVC*HC:90834:95*120*48.64~DTM*472*20210317~CAS*CO*45*40.36~CAS*PR*3*31~AMT*B6*79.64~LX*148~CLP*928444511*1*175*71.6*46*CH*H221404KM0000*11*1~NM1*QC*1*CAPPS*TEIGAN*B***HN*928444511~NM1*IL*1*IMADA*AURALEE*A***MI*729127809~NM1*82*1*WATERS*LORI*M***XX*1760854152~REF*1H*524943302~DTM*050*20210809~AMT*AU*117.6~SVC*HC:90837:95*175*71.6~DTM*472*20210318~CAS*CO*45*57.4~CAS*PR*3*46~AMT*B6*117.6~LX*149~CLP*928447747*1*120*79.64**CH*H221404KS0000*11*1~NM1*QC*1*APONTE*DEBBIE*L***HN*928447747~NM1*IL*1*APONTE*ANGEL*L***MI*575908794~NM1*82*1*WATERS*LORI*M***XX*1760854152~REF*1H*524943302~DTM*050*20210809~AMT*AU*79.64~SVC*HC:90834:95*120*79.64~DTM*472*20210325~CAS*CO*45*40.36~AMT*B6*79.64~LX*150~CLP*928448291*1*175*117.6**CH*H221404KW0000*11*1~NM1*QC*1*QUIAMBAO*NOAH*L***HN*928448291~NM1*IL*1*LAZATIN*MARILEN*H***MI*604230611~NM1*82*1*WATERS*LORI*M***XX*1760854152~REF*1H*524943302~DTM*050*20210809~AMT*AU*117.6~SVC*HC:90837:95*175*117.6~DTM*472*20210402~CAS*CO*45*57.4~AMT*B6*117.6~LX*151~CLP*928447754*1*190*139.87**CH*H221404KX0000*11*1~NM1*QC*1*QUIAMBAO*NOAH*L***HN*928447754~NM1*IL*1*LAZATIN*MARILEN*H***MI*604230611~NM1*82*1*WATERS*LORI*M***XX*1760854152~REF*1H*524943302~DTM*050*20210809~AMT*AU*139.87~SVC*HC:90791:95*190*139.87~DTM*472*20210326~CAS*CO*45*50.13~AMT*B6*139.87~LX*152~CLP*928529433*1*175*117.6**CH*H221404KY0000*11*1~NM1*QC*1*PEREZ MORAN*ALEXIS*M***HN*928529433~NM1*IL*1*PEREZMORAN*JOSE*F***MI*612845271~NM1*82*1*WATERS*LORI*M***XX*1760854152~REF*1H*524943302~DTM*050*20210809~AMT*AU*117.6~SVC*HC:90837:95*175*117.6~DTM*472*20210511~CAS*CO*45*57.4~AMT*B6*117.6~LX*153~CLP*928488185*1*175*117.6**CH*H221404KZ0000*11*1~NM1*QC*1*PEREZ MORAN*ALEXIS*M***HN*928488185~NM1*IL*1*PEREZMORAN*JOSE*F***MI*612845271~NM1*82*1*WATERS*LORI*M***XX*1760854152~REF*1H*524943302~DTM*050*20210809~AMT*AU*117.6~SVC*HC:90837:95*175*117.6~DTM*472*20210427~CAS*CO*45*57.4~AMT*B6*117.6~LX*154~CLP*928447236*1*190*139.87**CH*H221404K20000*11*1~NM1*QC*1*ALVERSON*CARRIE*J***HN*928447236~NM1*IL*1*ALVERSON*RAYMOND*L***MI*519312353~DTM*050*20210809~AMT*AU*139.87~SVC*HC:90791:95*190*139.87~DTM*472*20210322~CAS*CO*45*50.13~AMT*B6*139.87~LX*155~CLP*928452894*1*190*139.87**CH*H221404K30000*11*1~NM1*QC*1*ALVERSON*RAYNA*J***HN*928452894~NM1*IL*1*ALVERSON*RAYMOND*L***MI*519312353~NM1*82*1*WATERS*LORI*M***XX*1760854152~REF*1H*524943302~DTM*050*20210809~AMT*AU*139.87~SVC*HC:90791:95*190*139.87~DTM*472*20210412~CAS*CO*45*50.13~AMT*B6*139.87~LX*156~CLP*568-221*1*120*79.64**CH*H221404LB0000*11*1~NM1*QC*1*ALLEN*SHAYANNA*L***HN*568-221~NM1*IL*1*ALLEN*DARIAN*J***MI*627282230~DTM*050*20210809~AMT*AU*79.64~SVC*HC:90834:95*120*79.64~DTM*472*20210411~CAS*CO*45*40.36~AMT*B6*79.64~LX*157~CLP*928447238*1*120*79.64**CH*H221404LC0000*11*1~NM1*QC*1*ALLEN*SHAYANNA*L***HN*928447238~NM1*IL*1*ALLEN*DARIAN*J***MI*627282230~DTM*050*20210809~AMT*AU*79.64~SVC*HC:90834:95*120*79.64~DTM*472*20210322~CAS*CO*45*40.36~AMT*B6*79.64~LX*158~CLP*928447679*1*120*79.64**CH*H221404LD0000*11*1~NM1*QC*1*ALLEN*SHAYANNA*L***HN*928447679~NM1*IL*1*ALLEN*DARIAN*J***MI*627282230~DTM*050*20210809~AMT*AU*79.64~SVC*HC:90834:95*120*79.64~DTM*472*20210404~CAS*CO*45*40.36~AMT*B6*79.64~LX*159~CLP*928503017*1*175*117.6**CH*H221404LF0000*11*1~NM1*QC*1*CAPPS*TEIGAN*B***HN*928503017~NM1*IL*1*IMADA*AURALEE*A***MI*729127809~NM1*82*1*WATERS*LORI*M***XX*1760854152~REF*1H*524943302~DTM*050*20210809~AMT*AU*117.6~SVC*HC:90837:95*175*117.6~DTM*472*20210507~CAS*CO*45*57.4~AMT*B6*117.6~LX*160~CLP*928491405*1*175*117.6**CH*H221404LG0000*11*1~NM1*QC*1*CAPPS*TEIGAN*B***HN*928491405~NM1*IL*1*IMADA*AURALEE*A***MI*729127809~NM1*82*1*WATERS*LORI*M***XX*1760854152~REF*1H*524943302~DTM*050*20210809~AMT*AU*117.6~SVC*HC:90837:95*175*117.6~DTM*472*20210430~CAS*CO*45*57.4~AMT*B6*117.6~LX*161~CLP*928448321*1*175*117.6**CH*H221404LJ0000*11*1~NM1*QC*1*CAPPS*TEIGAN*B***HN*928448321~NM1*IL*1*IMADA*AURALEE*A***MI*729127809~NM1*82*1*WATERS*LORI*M***XX*1760854152~REF*1H*524943302~DTM*050*20210809~AMT*AU*117.6~SVC*HC:90837:95*175*117.6~DTM*472*20210402~CAS*CO*45*57.4~AMT*B6*117.6~LX*162~CLP*928448505*1*175*71.6*46*CH*H221404LK0000*11*1~NM1*QC*1*CAPPS*TEIGAN*B***HN*928448505~NM1*IL*1*IMADA*AURALEE*A***MI*729127809~NM1*82*1*WATERS*LORI*M***XX*1760854152~REF*1H*524943302~DTM*050*20210809~AMT*AU*117.6~SVC*HC:90837:95*175*71.6~DTM*472*20210409~CAS*CO*45*57.4~CAS*PR*3*46~AMT*B6*117.6~LX*163~CLP*928495073*1*175*117.6**CH*H221404L00000*11*1~NM1*QC*1*PEREZ MORAN*ALEXIS*M***HN*928495073~NM1*IL*1*PEREZMORAN*JOSE*F***MI*612845271~NM1*82*1*WATERS*LORI*M***XX*1760854152~REF*1H*524943302~DTM*050*20210809~AMT*AU*117.6~SVC*HC:90837:95*175*117.6~DTM*472*20210504~CAS*CO*45*57.4~AMT*B6*117.6~LX*164~CLP*928481770*1*175*117.6**CH*H221404L10000*11*1~NM1*QC*1*PEREZ MORAN*ALEXIS*M***HN*928481770~NM1*IL*1*PEREZMORAN*JOSE*F***MI*612845271~NM1*82*1*WATERS*LORI*M***XX*1760854152~REF*1H*524943302~DTM*050*20210809~AMT*AU*117.6~SVC*HC:90837:95*175*117.6~DTM*472*20210420~CAS*CO*45*57.4~AMT*B6*117.6~LX*165~CLP*928444279*1*175*117.6**CH*H221404L20000*11*1~NM1*QC*1*PEREZ MORAN*ALEXIS*M***HN*928444279~NM1*IL*1*PEREZMORAN*JOSE*F***MI*612845271~NM1*82*1*WATERS*LORI*M***XX*1760854152~REF*1H*524943302~DTM*050*20210809~AMT*AU*117.6~SVC*HC:90837:95*175*117.6~DTM*472*20210316~CAS*CO*45*57.4~AMT*B6*117.6~LX*166~CLP*928447728*1*175*117.6**CH*H221404L30000*11*1~NM1*QC*1*PEREZ MORAN*ALEXIS*M***HN*928447728~NM1*IL*1*PEREZMORAN*JOSE*F***MI*612845271~NM1*82*1*WATERS*LORI*M***XX*1760854152~REF*1H*524943302~DTM*050*20210809~AMT*AU*117.6~SVC*HC:90837:95*175*117.6~DTM*472*20210323~CAS*CO*45*57.4~AMT*B6*117.6~LX*167~CLP*928447669*1*175*117.6**CH*H221404L40000*11*1~NM1*QC*1*PEREZ MORAN*ALEXIS*M***HN*928447669~NM1*IL*1*PEREZMORAN*JOSE*F***MI*612845271~NM1*82*1*WATERS*LORI*M***XX*1760854152~REF*1H*524943302~DTM*050*20210809~AMT*AU*117.6~SVC*HC:90837:95*175*117.6~DTM*472*20210330~CAS*CO*45*57.4~AMT*B6*117.6~LX*168~CLP*928448560*1*175*117.6**CH*H221404L50000*11*1~NM1*QC*1*PEREZ MORAN*ALEXIS*M***HN*928448560~NM1*IL*1*PEREZMORAN*JOSE*F***MI*612845271~NM1*82*1*WATERS*LORI*M***XX*1760854152~REF*1H*524943302~DTM*050*20210809~AMT*AU*117.6~SVC*HC:90837:95*175*117.6~DTM*472*20210406~CAS*CO*45*57.4~AMT*B6*117.6~LX*169~CLP*928448336*1*120*79.64**CH*H221404L60000*11*1~NM1*QC*1*PEREZ MORAN*ALEXIS*M***HN*928448336~NM1*IL*1*PEREZMORAN*JOSE*F***MI*612845271~DTM*050*20210809~AMT*AU*79.64~SVC*HC:90834:95*120*79.64~DTM*472*20210403~CAS*CO*45*40.36~AMT*B6*79.64~LX*170~CLP*928447339*1*175*117.6**CH*H221404L80000*11*1~NM1*QC*1*PEREZ MORAN*ALEXIS*M***HN*928447339~NM1*IL*1*PEREZMORAN*JOSE*F***MI*612845271~DTM*050*20210809~AMT*AU*117.6~SVC*HC:90837:95*175*117.6~DTM*472*20210327~CAS*CO*45*57.4~AMT*B6*117.6~LX*171~CLP*568-199*1*120*79.64**CH*H221404L90000*11*1~NM1*QC*1*ALLEN*SHAYANNA*L***HN*568-199~NM1*IL*1*ALLEN*DARIAN*J***MI*627282230~DTM*050*20210809~AMT*AU*79.64~SVC*HC:90834:95*120*79.64~DTM*472*20210410~CAS*CO*45*40.36~AMT*B6*79.64~SE*2023*0001~ST*835*0002~BPR*I*4050.44*C*CHK************20210811~TRN*1*0010321583TA1*1571132733~REF*EV*7GW0013CA3~REF*F2*1588011043    R88010810012896~DTM*405*20210810~N1*PR*PGBA,LLC~N3*TRICARE WEST REGION CLAIMS*P.O. BOX 202112~N4*FLORENCE*SC*295022112~PER*CX*TRICARE WEST REGION CLAIMS CORRESPONDENCE*TE*8448669378~PER*BL*TRICARE ELECTRONIC CLAIMS SERVICE CENTER*TE*8003255920~N1*PE*SERENITY COUNSELING SERVICES H*XX*1588011043~N3*SUITE 201*99-149 MOANALUA RD~N4*AIEA*HI*96701~REF*TJ*812344400~LX*1~CLP*928129182*1*120*72.57**CH*H1974026H0000*11*1~NM1*QC*1*RINCONENOGONZAL*LUIS*F***HN*928129182~NM1*82*1*PLAYTER*AILEEN*T***XX*1013394097~REF*1H*575843780~DTM*050*20210716~AMT*AU*72.57~SVC*HC:90834:95*120*72.57~DTM*472*20201023~CAS*CO*45*47.43~AMT*B6*72.57~LX*2~CLP*928121498*1*190*112.09**CH*H1974026S0000*11*1~NM1*QC*1*RINCONENOGONZAL*LUIS*F***HN*928121498~NM1*82*1*PLAYTER*AILEEN*T***XX*1013394097~REF*1H*575843780~DTM*050*20210716~AMT*AU*112.09~SVC*HC:90791:95*190*112.09~DTM*472*20201016~CAS*CO*45*77.91~AMT*B6*112.09~LX*3~CLP*928491429*1*175*117.6**CH*H216X13TQ0000*11*1~NM1*QC*1*KOTICH*MICHAEL*A***HN*928491429~NM1*82*1*PLAYTER*AILEEN*T***XX*1013394097~REF*1H*575843780~DTM*050*20210804~AMT*AU*117.6~SVC*HC:90837:95*175*117.6~DTM*472*20210429~CAS*CO*45*57.4~REF*6R*928924837~AMT*B6*117.6~LX*4~CLP*928499171*1*175*117.6**CH*H216X13TR0000*11*1~NM1*QC*1*KOTICH*MICHAEL*A***HN*928499171~NM1*82*1*PLAYTER*AILEEN*T***XX*1013394097~REF*1H*575843780~DTM*050*20210804~AMT*AU*117.6~SVC*HC:90837:95*175*117.6~DTM*472*20210504~CAS*CO*45*57.4~REF*6R*928937953~AMT*B6*117.6~LX*5~CLP*928452382*1*120*79.64**CH*H2164030S0000*11*1~NM1*QC*1*ELLIS*NICHOLAS*A***HN*928452382~NM1*82*1*FERREIRA*LORI****XX*1811143126~REF*1H*576766277~DTM*050*20210804~AMT*AU*79.64~SVC*HC:90834:95*120*79.64~DTM*472*20210317~CAS*CO*45*40.36~AMT*B6*79.64~LX*6~CLP*928459359*1*120*79.64**CH*H2164030T0000*11*1~NM1*QC*1*ELLIS*NICHOLAS*A***HN*928459359~NM1*82*1*FERREIRA*LORI****XX*1811143126~REF*1H*576766277~DTM*050*20210804~AMT*AU*79.64~SVC*HC:90834:95*120*79.64~DTM*472*20210310~CAS*CO*45*40.36~AMT*B6*79.64~LX*7~CLP*928382313*1*120*72.57**CH*H2164030V0000*11*1~NM1*QC*1*ELLIS*NICHOLAS*A***HN*928382313~NM1*82*1*FERREIRA*LORI****XX*1811143126~REF*1H*576766277~DTM*050*20210804~AMT*AU*72.57~SVC*HC:90834:95*120*72.57~DTM*472*20210224~CAS*CO*45*47.43~AMT*B6*72.57~LX*8~CLP*928388646*1*120*72.57**CH*H2164030W0000*11*1~NM1*QC*1*ELLIS*NICHOLAS*A***HN*928388646~NM1*82*1*FERREIRA*LORI****XX*1811143126~REF*1H*576766277~DTM*050*20210804~AMT*AU*72.57~SVC*HC:90834:95*120*72.57~DTM*472*20210217~CAS*CO*45*47.43~AMT*B6*72.57~LX*9~CLP*928387385*1*120*72.57**CH*H2164030X0000*11*1~NM1*QC*1*ELLIS*NICHOLAS*A***HN*928387385~NM1*82*1*FERREIRA*LORI****XX*1811143126~REF*1H*576766277~DTM*050*20210804~AMT*AU*72.57~SVC*HC:90834:95*120*72.57~DTM*472*20210210~CAS*CO*45*47.43~AMT*B6*72.57~LX*10~CLP*928391611*1*120*0*120*CH*H2164031B0000*11*1~NM1*QC*1*BRANDWEIN*EDWARD*P***HN*928391611~DTM*050*20210804~SVC*HC:90834:95*120*0~DTM*472*20210302~CAS*PR*197*120~LX*11~CLP*928444295*1*120*0*120*CH*H2164031C0000*11*1~NM1*QC*1*BRANDWEIN*EDWARD*P***HN*928444295~DTM*050*20210804~SVC*HC:90834:95*120*0~DTM*472*20210316~CAS*PR*197*120~LX*12~CLP*928447198*1*120*0*120*CH*H2164031D0000*11*1~NM1*QC*1*BRANDWEIN*EDWARD*P***HN*928447198~DTM*050*20210804~SVC*HC:90834:95*120*0~DTM*472*20210321~CAS*PR*197*120~LX*13~CLP*928201251*1*120*72.57**CH*H2164031X0000*11*1~NM1*QC*1*DANIBLE*JAKE*C***HN*928201251~DTM*050*20210804~AMT*AU*72.57~SVC*HC:90834:95*120*72.57~DTM*472*20201205~CAS*CO*45*47.43~AMT*B6*72.57~LX*14~CLP*928387385*1*120*0**CH*H216403100000*11*1~NM1*QC*1*ELLIS*NICHOLAS*A***HN*928387385~NM1*82*1*FERREIRA*LORI****XX*1811143126~REF*1H*576766277~DTM*050*20210804~SVC*HC:90834:95*120*0~DTM*472*20210210~CAS*CO*18*120~LQ*HE*N522~LX*15~CLP*928373493*1*120*72.57**CH*H216403110000*11*1~NM1*QC*1*ELLIS*NICHOLAS*A***HN*928373493~NM1*82*1*FERREIRA*LORI****XX*1811143126~REF*1H*576766277~DTM*050*20210804~AMT*AU*72.57~SVC*HC:90834:95*120*72.57~DTM*472*20210203~CAS*CO*45*47.43~AMT*B6*72.57~LX*16~CLP*928129184*1*190*112.09**CH*H216403130000*11*1~NM1*QC*1*RIPSKI*LEILANI*M***HN*928129184~NM1*82*1*PLAYTER*AILEEN*T***XX*1013394097~REF*1H*575843780~DTM*050*20210804~AMT*AU*112.09~SVC*HC:90791:95*190*112.09~DTM*472*20201023~CAS*CO*45*77.91~AMT*B6*112.09~LX*17~CLP*928240674*1*120*0*120*CH*H216403150000*11*1~NM1*QC*1*BRANDWEIN*EDWARD*P***HN*928240674~DTM*050*20210804~SVC*HC:90834:95*120*0~DTM*472*20201217~CAS*PR*197*120~LX*18~CLP*928240676*1*120*0*120*CH*H216403160000*11*1~NM1*QC*1*BRANDWEIN*EDWARD*P***HN*928240676~DTM*050*20210804~SVC*HC:90834:95*120*0~DTM*472*20201227~CAS*PR*197*120~LX*19~CLP*928278158*1*120*0*120*CH*H216403170000*11*1~NM1*QC*1*BRANDWEIN*EDWARD*P***HN*928278158~DTM*050*20210804~SVC*HC:90834:95*120*0~DTM*472*20210103~CAS*PR*197*120~LX*20~CLP*928333504*1*120*0*120*CH*H216403180000*11*1~NM1*QC*1*BRANDWEIN*EDWARD*P***HN*928333504~DTM*050*20210804~SVC*HC:90834:95*120*0~DTM*472*20210110~CAS*PR*197*120~LX*21~CLP*928385478*1*120*0*120*CH*H216403190000*11*1~NM1*QC*1*BRANDWEIN*EDWARD*P***HN*928385478~DTM*050*20210804~SVC*HC:90834:95*120*0~DTM*472*20210216~CAS*PR*197*120~LX*22~CLP*928447617*1*90*60.17**CH*H217401NF0000*11*1~NM1*QC*1*ALLEN*LETICIA*N***HN*928447617~NM1*82*1*PLAYTER*AILEEN*T***XX*1013394097~REF*1H*575843780~DTM*050*20210805~AMT*AU*60.17~SVC*HC:90832:95*90*60.17~DTM*472*20210325~CAS*CO*45*29.83~AMT*B6*60.17~LX*23~CLP*928393848*1*175*117.6**CH*H217401NJ0000*11*1~NM1*QC*1*ALLEN*LETICIA*N***HN*928393848~NM1*82*1*PLAYTER*AILEEN*T***XX*1013394097~REF*1H*575843780~DTM*050*20210805~AMT*AU*117.6~SVC*HC:90837:95*175*117.6~DTM*472*20210312~CAS*CO*45*57.4~AMT*B6*117.6~LX*24~CLP*928392703*1*120*79.64**CH*H217401NK0000*11*1~NM1*QC*1*ALLEN*LETICIA*N***HN*928392703~NM1*82*1*PLAYTER*AILEEN*T***XX*1013394097~REF*1H*575843780~DTM*050*20210805~AMT*AU*79.64~SVC*HC:90834:95*120*79.64~DTM*472*20210305~CAS*CO*45*40.36~AMT*B6*79.64~LX*25~CLP*928385151*1*120*72.57**CH*H217401NN0000*11*1~NM1*QC*1*ALLEN*LETICIA*N***HN*928385151~NM1*82*1*PLAYTER*AILEEN*T***XX*1013394097~REF*1H*575843780~DTM*050*20210805~AMT*AU*72.57~SVC*HC:90834:95*120*72.57~DTM*472*20210222~CAS*CO*45*47.43~AMT*B6*72.57~LX*26~CLP*928387052*1*120*72.57**CH*H217401NR0000*11*1~NM1*QC*1*ALLEN*LETICIA*N***HN*928387052~NM1*82*1*PLAYTER*AILEEN*T***XX*1013394097~REF*1H*575843780~DTM*050*20210805~AMT*AU*72.57~SVC*HC:90834:95*120*72.57~DTM*472*20210209~CAS*CO*45*47.43~AMT*B6*72.57~LX*27~CLP*928333236*1*175*108.69**CH*H217401NS0000*11*1~NM1*QC*1*ALLEN*LETICIA*N***HN*928333236~NM1*82*1*PLAYTER*AILEEN*T***XX*1013394097~REF*1H*575843780~DTM*050*20210805~AMT*AU*108.69~SVC*HC:90837:95*175*108.69~DTM*472*20210129~CAS*CO*45*66.31~AMT*B6*108.69~LX*28~CLP*928333236*1*175*0**CH*H217401NX0000*11*1~NM1*QC*1*ALLEN*LETICIA*N***HN*928333236~NM1*82*1*PLAYTER*AILEEN*T***XX*1013394097~REF*1H*575843780~DTM*050*20210805~SVC*HC:90837:95*175*0~DTM*472*20210129~CAS*CO*18*175~LQ*HE*N522~LX*29~CLP*928335441*1*175*108.69**CH*H217401NY0000*11*1~NM1*QC*1*ALLEN*LETICIA*N***HN*928335441~NM1*82*1*PLAYTER*AILEEN*T***XX*1013394097~REF*1H*575843780~DTM*050*20210805~AMT*AU*108.69~SVC*HC:90837:95*175*108.69~DTM*472*20210121~CAS*CO*45*66.31~AMT*B6*108.69~LX*30~CLP*92890644*1*190*112.09**CH*H217401P00000*11*1~NM1*QC*1*ALLEN*LETICIA*N***HN*92890644~NM1*82*1*PLAYTER*AILEEN*T***XX*1013394097~REF*1H*575843780~DTM*050*20210805~AMT*AU*112.09~SVC*HC:90791:95*190*112.09~DTM*472*20201005~CAS*CO*45*77.91~AMT*B6*112.09~LX*31~CLP*92890644*1*190*0**CH*H217401P40000*11*1~NM1*QC*1*ALLEN*LETICIA*N***HN*92890644~NM1*82*1*PLAYTER*AILEEN*T***XX*1013394097~REF*1H*575843780~DTM*050*20210805~SVC*HC:90791:95*190*0~DTM*472*20201005~CAS*CO*18*190~LQ*HE*N522~LX*32~CLP*92890644*1*190*0**CH*H217401P50000*11*1~NM1*QC*1*ALLEN*LETICIA*N***HN*92890644~NM1*82*1*PLAYTER*AILEEN*T***XX*1013394097~REF*1H*575843780~DTM*050*20210805~SVC*HC:90791:95*190*0~DTM*472*20201005~CAS*CO*18*190~LQ*HE*N522~LX*33~CLP*928121804*1*150*81.41**CH*H217401T40000*11*1~NM1*QC*1*MARTINEZ*AMALIA*M***HN*928121804~NM1*82*1*FERREIRA*LORI****XX*1811143126~REF*1H*576766277~DTM*050*20210805~AMT*AU*81.41~SVC*HC:90847*150*81.41~DTM*472*20201003~CAS*CO*45*68.59~AMT*B6*81.41~LX*34~CLP*928121789*1*175*108.69**CH*H217401T60000*11*1~NM1*QC*1*MARTINEZ*AMALIA*M***HN*928121789~NM1*82*1*FERREIRA*LORI****XX*1811143126~REF*1H*576766277~DTM*050*20210805~AMT*AU*108.69~SVC*HC:90837*175*108.69~DTM*472*20200905~CAS*CO*45*66.31~AMT*B6*108.69~LX*35~CLP*928197528*1*120*72.57**CH*H217401Z00000*11*1~NM1*QC*1*JUBECK*LAMONT*A***HN*928197528~NM1*82*1*FERREIRA*LORI****XX*1811143126~REF*1H*576766277~DTM*050*20210805~AMT*AU*72.57~SVC*HC:90834:95*120*72.57~DTM*472*20201114~CAS*CO*45*47.43~AMT*B6*72.57~LX*36~CLP*928172128*1*190*112.09**CH*H217401Z30000*11*1~NM1*QC*1*JUBECK*LAMONT*A***HN*928172128~NM1*82*1*FERREIRA*LORI****XX*1811143126~REF*1H*576766277~DTM*050*20210805~AMT*AU*112.09~SVC*HC:90791:95*190*112.09~DTM*472*20201031~CAS*CO*45*77.91~AMT*B6*112.09~LX*37~CLP*928597704*1*175*117.6**CH*H218X03750000*11*1~NM1*QC*1*MOOGAN*WILLIAM*G***HN*928597704~NM1*82*1*WATERS*LORI*M***XX*1760854152~REF*1H*524943302~DTM*050*20210806~AMT*AU*117.6~SVC*HC:90837*175*117.6~DTM*472*20210524~CAS*CO*45*57.4~REF*6R*9281107003~AMT*B6*117.6~LX*38~CLP*928457462*1*190*139.87**CH*H218X03760000*11*1~NM1*QC*1*KOTICH*MICHAEL*A***HN*928457462~NM1*82*1*PLAYTER*AILEEN*T***XX*1013394097~REF*1H*575843780~DTM*050*20210806~AMT*AU*139.87~SVC*HC:90791:95*190*139.87~DTM*472*20210415~CAS*CO*45*50.13~REF*6R*928865863~AMT*B6*139.87~LX*39~CLP*928488164*1*175*117.6**CH*H218X03790000*11*1~NM1*QC*1*KOTICH*MICHAEL*A***HN*928488164~NM1*82*1*PLAYTER*AILEEN*T***XX*1013394097~REF*1H*575843780~DTM*050*20210806~AMT*AU*117.6~SVC*HC:90837:95*175*117.6~DTM*472*20210422~CAS*CO*45*57.4~REF*6R*928919122~AMT*B6*117.6~LX*40~CLP*92820293*1*120*72.57**CH*H2184002C0000*11*1~NM1*QC*1*DOERGER*CATHERINE*M***HN*92820293~NM1*82*1*PLAYTER*AILEEN*T***XX*1013394097~REF*1H*575843780~DTM*050*20210806~AMT*AU*72.57~SVC*HC:90834:95*120*72.57~DTM*472*20200805~CAS*CO*45*47.43~AMT*B6*72.57~LX*41~CLP*92820277*1*120*72.57**CH*H218401ZF0000*11*1~NM1*QC*1*DOERGER*CATHERINE*M***HN*92820277~NM1*82*1*PLAYTER*AILEEN*T***XX*1013394097~REF*1H*575843780~DTM*050*20210806~AMT*AU*72.57~SVC*HC:90834:95*120*72.57~DTM*472*20200812~CAS*CO*45*47.43~AMT*B6*72.57~LX*42~CLP*92813790*1*190*112.09**CH*H218401ZJ0000*11*1~NM1*QC*1*DOERGER*CATHERINE*M***HN*92813790~NM1*82*1*PLAYTER*AILEEN*T***XX*1013394097~REF*1H*575843780~DTM*050*20210806~AMT*AU*112.09~SVC*HC:90791*190*112.09~DTM*472*20200729~CAS*CO*45*77.91~AMT*B6*112.09~LX*43~CLP*928167759*1*190*112.09**CH*H2184022J0000*11*1~NM1*QC*1*ABRAHAM*SHEA*J***HN*928167759~NM1*82*1*PLAYTER*AILEEN*T***XX*1013394097~REF*1H*575843780~DTM*050*20210806~AMT*AU*112.09~SVC*HC:90791:95*190*112.09~DTM*472*20201113~CAS*CO*45*77.91~AMT*B6*112.09~LX*44~CLP*5654784952*1*120*64.52**CH*H221404GM0000*02*1~NM1*QC*1*BRANDWEIN*EDWARD*P***HN*5654784952~DTM*050*20210809~AMT*AU*64.52~SVC*HC:90834:95*120*64.52~DTM*472*20200609~CAS*CO*45*55.48~AMT*B6*64.52~LX*45~CLP*928543271*1*175*117.6**CH*H221404GP0000*11*1~NM1*QC*1*MOOGAN*WILLIAM*G***HN*928543271~NM1*82*1*WATERS*LORI*M***XX*1760854152~REF*1H*524943302~DTM*050*20210809~AMT*AU*117.6~SVC*HC:90837:95*175*117.6~DTM*472*20210517~CAS*CO*45*57.4~AMT*B6*117.6~LX*46~CLP*928543297*1*175*0**CH*H221404GQ0000*11*1~NM1*QC*1*MOOGAN*WILLIAM*G***HN*928543297~NM1*82*1*WATERS*LORI*M***XX*1760854152~REF*1H*524943302~DTM*050*20210809~SVC*HC:90837:95*175*0~DTM*472*20210524~CAS*CO*18*175~LQ*HE*N522~LX*47~CLP*928488179*1*175*117.6**CH*H221404GR0000*11*1~NM1*QC*1*MOOGAN*WILLIAM*G***HN*928488179~NM1*82*1*WATERS*LORI*M***XX*1760854152~REF*1H*524943302~DTM*050*20210809~AMT*AU*117.6~SVC*HC:90837:95*175*117.6~DTM*472*20210426~CAS*CO*45*57.4~AMT*B6*117.6~LX*48~CLP*928495095*1*175*117.6**CH*H221404GS0000*11*1~NM1*QC*1*MOOGAN*WILLIAM*G***HN*928495095~NM1*82*1*WATERS*LORI*M***XX*1760854152~REF*1H*524943302~DTM*050*20210809~AMT*AU*117.6~SVC*HC:90837:95*175*117.6~DTM*472*20210503~CAS*CO*45*57.4~AMT*B6*117.6~LX*49~CLP*928465996*1*175*117.6**CH*H221404GT0000*11*1~NM1*QC*1*MOOGAN*WILLIAM*G***HN*928465996~NM1*82*1*WATERS*LORI*M***XX*1760854152~REF*1H*524943302~DTM*050*20210809~AMT*AU*117.6~SVC*HC:90837:95*175*117.6~DTM*472*20210419~CAS*CO*45*57.4~AMT*B6*117.6~LX*50~CLP*928447488*1*175*117.6**CH*H221404GV0000*11*1~NM1*QC*1*MOOGAN*WILLIAM*G***HN*928447488~NM1*82*1*WATERS*LORI*M***XX*1760854152~REF*1H*524943302~DTM*050*20210809~AMT*AU*117.6~SVC*HC:90837:95*175*117.6~DTM*472*20210322~CAS*CO*45*57.4~AMT*B6*117.6~LX*51~CLP*928447704*1*175*117.6**CH*H221404GW0000*11*1~NM1*QC*1*MOOGAN*WILLIAM*G***HN*928447704~NM1*82*1*WATERS*LORI*M***XX*1760854152~REF*1H*524943302~DTM*050*20210809~AMT*AU*117.6~SVC*HC:90837:95*175*117.6~DTM*472*20210324~CAS*CO*45*57.4~AMT*B6*117.6~LX*52~CLP*928448425*1*175*117.6**CH*H221404GX0000*11*1~NM1*QC*1*MOOGAN*WILLIAM*G***HN*928448425~NM1*82*1*WATERS*LORI*M***XX*1760854152~REF*1H*524943302~DTM*050*20210809~AMT*AU*117.6~SVC*HC:90837:95*175*117.6~DTM*472*20210405~CAS*CO*45*57.4~AMT*B6*117.6~LX*53~CLP*928448482*1*175*117.6**CH*H221404GY0000*11*1~NM1*QC*1*MOOGAN*WILLIAM*G***HN*928448482~NM1*82*1*WATERS*LORI*M***XX*1760854152~REF*1H*524943302~DTM*050*20210809~AMT*AU*117.6~SVC*HC:90837:95*175*117.6~DTM*472*20210412~CAS*CO*45*57.4~AMT*B6*117.6~LX*54~CLP*928447211*1*190*139.87**CH*H221404KH0000*11*1~NM1*QC*1*SALESA*SITAU*S***HN*928447211~DTM*050*20210809~AMT*AU*139.87~SVC*HC:90791:95*190*139.87~DTM*472*20210322~CAS*CO*45*50.13~AMT*B6*139.87~LQ*HE*N45~SE*573*0002~GE*2*860357867~IEA*1*860357867~