ISA*00*          *00*          *ZZ*330897513      *ZZ*MEDBOSSC       *210709*0648*^*00501*849794003*0*P*:~GS*HP*330897513*MEDBOSSC*20210709*0648*849794003*X*005010X221A1~ST*835*0001~BPR*H*0*C*NON************20210702~TRN*1*211830129*1990263440~REF*F2*5.40~N1*PR*UNIVERSITY HEALTH ALLIANCE~N3*700 BISHOP STREET SUITE 300~N4*HONOLULU*HI*96813~PER*CX*HOWARD LEE*TE*8085324000~PER*BL*HOWARD LEE*TE*8085324000~N1*PE*SERENITY COUNSELING SERVICES HAWAII, LLC*XX*1588011043~N3*94-1261 LUMIKULA ST, # 3U~N4*WAIPAHU*HI*96797~REF*TJ*812344400~REF*PQ*812344400~LX*1~CLP*928599838*1*175*0*175*16*2117931326*11~NM1*QC*1*RAMELB*CHARMAINE****MI*H01008088~NM1*82*1*WATERS*LORI****XX*1760854152~DTM*232*20210611~DTM*233*20210611~DTM*036*20210531~DTM*050*20210628~SVC*HC:90837*175*0**2~CAS*PR*31*175~REF*6R*9281110768~LQ*HE*N52~SE*27*0001~ST*835*0002~BPR*I*64.25*C*ACH*CTX*01*121301028*DA*0085442686*UNIVHEALTH**01*321370765*DA*8102075433*20210702~TRN*1*3265640*1990263440~REF*F2*5.40~N1*PR*UNIVERSITY HEALTH ALLIANCE~N3*700 BISHOP STREET SUITE 300~N4*HONOLULU*HI*96813~PER*CX*HOWARD LEE*TE*8085324000~PER*BL*HOWARD LEE*TE*8085324000~N1*PE*SERENITY COUNSELING SERVICES HAWAII, LLC*XX*1588011043~N3*94-1261 LUMIKULA ST, # 3U~N4*WAIPAHU*HI*96797~REF*TJ*812344400~REF*PQ*812344400~LX*1~CLP*928385292*1*120*0**16*2117231682*11~NM1*QC*1*FUJINAKA*KAUANOEOKAWANAAO****MI*808958014-01~NM1*82*1*LINARES*DAVID****XX*1699008045~DTM*232*20210221~DTM*233*20210221~DTM*050*20210621~SVC*HC:90834:95*120*0**2~CAS*CO*A1*120~REF*6R*5523442630~CLP*928374302*1*120*0**16*2117231692*11~NM1*QC*1*FUJINAKA*KAUANOEOKAWANAAO****MI*808958014-01~NM1*82*1*LINARES*DAVID****XX*1699008045~DTM*232*20210228~DTM*233*20210228~DTM*050*20210621~SVC*HC:90834:95*120*0**2~CAS*CO*A1*120~REF*6R*5523442635~CLP*928385452*1*190*0**16*2117231703*11~NM1*QC*1*FUJINAKA*KAUANOEOKAWANAAO****MI*808958014-01~NM1*82*1*LINARES*DAVID****XX*1699008045~DTM*232*20210213~DTM*233*20210213~DTM*050*20210621~SVC*HC:90791:95*190*0~CAS*CO*A1*190~REF*6R*5523442619~CLP*708-977*1*120*64.25*12*16*2117631429*11~NM1*QC*1*RAMELB*CHARMAINE****MI*123052413-01~NM1*82*1*LINARES*DAVID****XX*1699008045~DTM*232*20210515~DTM*233*20210515~DTM*050*20210625~AMT*AU*76.25~SVC*HC:90834:95*120*64.25**2~CAS*PR*3*12~CAS*CO*45*43.75~REF*6R*374708-977~AMT*B6*76.25~CLP*708-977*1*120*0**16*2117931177*11~NM1*QC*1*RAMELB*CHARMAINE****MI*123052413-01~NM1*82*1*LINARES*DAVID****XX*1699008045~DTM*232*20210515~DTM*233*20210515~DTM*050*20210628~SVC*HC:90834*120*0**2~CAS*OA*18*120~REF*6R*804752354L879961415~LQ*HE*N111~SE*65*0002~GE*2*849794003~IEA*1*849794003~