ISA*00*          *00*          *ZZ*330897513      *ZZ*MEDBOSSC       *211119*0713*^*00501*894171105*0*P*:~GS*HP*330897513*MEDBOSSC*20211119*0713*894171105*X*005010X221A1~ST*835*0001~BPR*I*148.68*C*ACH*CCP*01*043301627*DA*1082049135*1571132733*000000000*01*321370765*DA*8102075433*20211122~TRN*1*5053092320TA2*1571132733*000000000~REF*EV*7GW0013CA3~REF*F2*1588011043    R88011116014379~DTM*405*20211116~N1*PR*PGBA,LLC~N3*TRICARE WEST REGION CLAIMS*P.O. BOX 202112~N4*FLORENCE*SC*295022112~PER*CX*TRICARE WEST REGION CLAIMS CORRESPONDENCE*TE*8448669378~PER*BL*TRICARE ELECTRONIC CLAIMS SERVICE CENTER*TE*8003255920~N1*PE*SERENITY COUNSELING SERVICES*XX*1588011043~N3*201*99-149 MOANALUA RD~N4*AIEA*HI*96701~REF*TJ*812344400~LX*1~CLP*595-6429*1*120*79.5**CH*H316X43X60000*11*1~NM1*QC*1*KOTICH*MICHAEL*A***HN*595-6429~NM1*82*1*PLAYTER*AILEEN*T***XX*1013394097~REF*1H*575843780~DTM*050*20211112~AMT*AU*79.5~SVC*HC:90834:95*120*79.5~DTM*472*20211109~CAS*CO*45*40.5~REF*6R*380595-6429~AMT*B6*79.5~LX*2~CLP*658-6214*1*120*69.18**CH*H316X442T0000*02*1~NM1*QC*1*WAIKIKI*TIALEI*P***HN*658-6214~NM1*82*1*FERREIRA*LORI****XX*1811143126~REF*1H*576766277~DTM*050*20211112~AMT*AU*69.18~SVC*HC:90834:95*120*69.18~DTM*472*20210531~CAS*CO*45*50.82~REF*6R*819945229L919398698~AMT*B6*69.18~LQ*HE*N10~SE*41*0001~ST*835*0002~BPR*I*214.98*C*ACH*CCP*01*043301627*DA*1077670664*1571132733*000000000*01*321370765*DA*8102075433*20211122~TRN*1*5115469321TR2*1571132733*000000000~REF*EV*7GW0013CA3~REF*F2*1588011043    R88011117003657~DTM*405*20211117~N1*PR*PGBA,LLC~N3*TRICARE WEST REGION CLAIMS*P.O. BOX 202112~N4*FLORENCE*SC*295022112~PER*CX*TRICARE WEST REGION CLAIMS CORRESPONDENCE*TE*8448669378~PER*BL*TRICARE ELECTRONIC CLAIMS SERVICE CENTER*TE*8003255920~N1*PE*SERENITY COUNSELING SERVICES*XX*1588011043~N3*201*99-149 MOANALUA RD~N4*AIEA*HI*96701~REF*TJ*812344400~LX*1~CLP*663-6528*1*120*0*70.34*CH*H320X0ZRL0000*02*1~NM1*QC*1*ORSILLO*JENNIFER*I***HN*663-6528~NM1*IL*1*ORSILLO*ANTHONY*T***MI*618720984~NM1*82*1*FERREIRA*LORI****XX*1811143126~REF*1H*576766277~DTM*050*20211116~AMT*AU*70.34~SVC*HC:90834:95*120*0~DTM*472*20211009~CAS*CO*242*49.66~CAS*PR*1*70.34~REF*6R*353663-6528~AMT*B6*70.34~LQ*HE*N212~LX*2~CLP*663-6533*1*120*0*70.34*CH*H320X0ZRM0000*02*1~NM1*QC*1*ORSILLO*JENNIFER*I***HN*663-6533~NM1*IL*1*ORSILLO*ANTHONY*T***MI*618720984~NM1*82*1*FERREIRA*LORI****XX*1811143126~REF*1H*576766277~DTM*050*20211116~AMT*AU*70.34~SVC*HC:90834:95*120*0~DTM*472*20211005~CAS*CO*242*49.66~CAS*PR*1*70.34~REF*6R*357663-6533~AMT*B6*70.34~LQ*HE*N212~LX*3~CLP*2019-6556*1*120*0*70.34*CH*H320X0ZRN0000*02*1~NM1*QC*1*BRINDLEY*ELIZABETH*A***HN*2019-6556~NM1*IL*1*BRINDLEY*CHRISTOPHER*W***MI*519133611~NM1*82*1*FERREIRA*LORI****XX*1811143126~REF*1H*576766277~DTM*050*20211116~AMT*AU*70.34~SVC*HC:90834:95*120*0~DTM*472*20211013~CAS*CO*242*49.66~CAS*PR*1*70.34~REF*6R*3782019-6556~AMT*B6*70.34~LQ*HE*N212~LX*4~CLP*724-6432*1*90*26.35*26.34*CH*H320X0ZW20000*02*1~NM1*QC*1*MARSI*KATE*D***HN*724-6432~NM1*IL*1*MARSI*RYAN*E***MI*624489057~NM1*82*1*PLAYTER*AILEEN*T***XX*1013394097~REF*1H*575843780~DTM*050*20211116~AMT*AU*52.69~SVC*HC:90832:95*90*26.35~DTM*472*20211112~CAS*CO*242*37.31~CAS*PR*2*26.34~REF*6R*918724-6432~AMT*B6*52.69~LQ*HE*N212~LX*5~CLP*873-6472*1*150*58.66*58.65*CH*H320X0ZW30000*11*1~NM1*QC*1*STEPHENSON*MARIAH*R***HN*873-6472~NM1*IL*1*STEPHENSON*NATHAN*R***MI*305902921~NM1*82*1*PLAYTER*AILEEN*T***XX*1013394097~REF*1H*575843780~DTM*050*20211116~AMT*AU*117.31~SVC*HC:90837*150*58.66~DTM*472*20211109~CAS*CO*242*32.69~CAS*PR*2*58.65~REF*6R*922873-6472~AMT*B6*117.31~LQ*HE*N212~LX*6~CLP*2169-6486*1*120*59.63*19.87*CH*H320X0ZY20000*11*1~NM1*QC*1*RESURRECCION*CASSIDY*N***HN*2169-6486~NM1*IL*1*RESURRECCION*DENNIS*J***MI*576983588~NM1*82*1*PLAYTER*AILEEN*T***XX*1013394097~REF*1H*575843780~DTM*050*20211116~AMT*AU*79.5~SVC*HC:90834*120*59.63~DTM*472*20211112~CAS*CO*45*40.5~CAS*PR*2*19.87~REF*6R*3132169-6486~AMT*B6*79.5~LX*7~CLP*2060-6488*1*150*0*117.31*CH*H320X0ZY30000*11*1~NM1*QC*1*NUUSOLIA*NEARRI*P***HN*2060-6488~NM1*IL*1*NUUSOLIA*DONOVAN*T***MI*546999910~NM1*82*1*PLAYTER*AILEEN*T***XX*1013394097~REF*1H*575843780~DTM*050*20211116~AMT*AU*117.31~SVC*HC:90837*150*0~DTM*472*20211112~CAS*CO*242*32.69~CAS*PR*1*117.31~REF*6R*3142060-6488~AMT*B6*117.31~LQ*HE*N212~LX*8~CLP*626-6471*1*120*35.17*35.17*CH*H320X105X0000*02*1~NM1*QC*1*SWINT*CRYSTAL*I***HN*626-6471~NM1*IL*1*SWINT*ALEXANDER*D***MI*245713148~DTM*050*20211116~AMT*AU*70.34~SVC*HC:90834:95*120*35.17~DTM*472*20211112~CAS*CO*242*49.66~CAS*PR*2*35.17~REF*6R*679626-6471~AMT*B6*70.34~LQ*HE*N212~LX*9~CLP*575-6559*1*120*35.17*35.17*CH*H320X105Y0000*02*1~NM1*QC*1*TEASLEY*SHAWN*D***HN*575-6559~NM1*IL*1*TEASLEY*SHAWN*D***MI*168569361~DTM*050*20211116~AMT*AU*70.34~SVC*HC:90834:95*120*35.17~DTM*472*20211115~CAS*CO*242*49.66~CAS*PR*2*35.17~REF*6R*681575-6559~AMT*B6*70.34~LQ*HE*N212~SE*146*0002~GE*2*894171105~IEA*1*894171105~