ISA*00*          *00*          *ZZ*330897513      *ZZ*MEDBOSSC       *210818*0752*^*00501*862642335*0*P*:~GS*HP*330897513*MEDBOSSC*20210818*0752*862642335*X*005010X221A1~ST*835*0001~BPR*I*117.6*C*ACH*CCP*01*043301627*DA*1077670664*1571132733*000000000*01*321370765*DA*8102075433*20210819~TRN*1*5642226228TR1*1571132733*000000000~REF*EV*7GW0013CA3~REF*F2*1588011043    R88010816003835~DTM*405*20210816~N1*PR*PGBA,LLC~N3*TRICARE WEST REGION CLAIMS*P.O. BOX 202112~N4*FLORENCE*SC*295022112~PER*CX*TRICARE WEST REGION CLAIMS CORRESPONDENCE*TE*8448669378~PER*BL*TRICARE ELECTRONIC CLAIMS SERVICE CENTER*TE*8003255920~N1*PE*SERENITY COUNSELING SERVICES H*XX*1588011043~N3*SUITE 201*99-149 MOANALUA RD~N4*AIEA*HI*96701~REF*TJ*812344400~LX*1~CLP*928459445*1*175*117.6**CH*H223X03W60000*11*1~NM1*QC*1*ATWATER*ELIZABETH*A***HN*928459445~NM1*IL*1*ATWATER*GRAHAM*D***MI*601788051~NM1*82*1*PLAYTER*AILEEN*T***XX*1013394097~REF*1H*575843780~DTM*050*20210811~AMT*AU*117.6~SVC*HC:90837:95*175*117.6~DTM*472*20210416~CAS*CO*45*57.4~REF*6R*928869376~AMT*B6*117.6~SE*29*0001~GE*1*862642335~IEA*1*862642335~