ISA*00*          *00*          *ZZ*330897513      *ZZ*MEDBOSSC       *210813*1203*^*00501*861160351*0*P*:~GS*HP*330897513*MEDBOSSC*20210813*1203*861160351*X*005010X221A1~ST*835*0001~BPR*I*255*C*ACH*CCP*01*051404260*DA*252781161*1541414194**01*321370765*DA*8102075433*20210816~TRN*1*0000522747*1541414194~N1*PR*BEACON HEALTH OPTIONS, INC.~N3*ATTN FINANCE DEPT~N4*NORFOLK*VA*23502~REF*2U*FDX~PER*BL*VALUEOPTIONS EDI HELPDESK*TE*8882479311*EM*ESUPPORTSERVICES@VALUEOPTIONS.COM~N1*PE*SERENITY COUNSELING SERVICES H*XX*1699008045~N3*10641 WINDSMONT CT~N4*LEHIGH ACRES*FL*339367268~REF*TJ*812344400~LX*1~CLP*0*1*85*85**13*06   080721 04065 00260*11~NM1*QC*1*MATERIALE*KATELYN*N***MI*1124663~NM1*IL*1*MATERIALE*KATELYN*N***MI*1124663~NM1*82*2*LINARES, DAVID*****XX*1699008045~REF*1W*1124663~REF*1J*E824169~SVC*HC:AEA:60*85*85~DTM*472*20210807~REF*6R*001~AMT*B6*85~CLP*0*1*85*85**13*06   081021 04065 00022*11~NM1*QC*1*SEVILLA*JULIA*L***MI*1130136~NM1*IL*1*SEVILLA*JULIA*L***MI*1130136~NM1*82*2*LINARES, DAVID*****XX*1699008045~REF*1W*1130136~REF*1J*E824169~SVC*HC:AEA:60*85*85~DTM*472*20210809~REF*6R*001~AMT*B6*85~CLP*0*1*85*85**13*06   080921 04065 00439*11~NM1*QC*1*WALKER*TIMOTHEY*R***MI*1091678~NM1*IL*1*WALKER*TIMOTHEY*R***MI*1091678~NM1*82*2*LINARES, DAVID*****XX*1699008045~REF*1W*1091678~REF*1J*E824169~SVC*HC:AEA:60*85*85~DTM*472*20210729~REF*6R*001~AMT*B6*85~SE*44*0001~ST*835*0002~BPR*I*85*C*ACH*CCP*01*051404260*DA*252781161*1541414194**01*321370765*DA*8102075433*20210816~TRN*1*0000522508*1541414194~N1*PR*BEACON HEALTH OPTIONS, INC.~N3*ATTN FINANCE DEPT~N4*NORFOLK*VA*23502~REF*2U*FDX~PER*BL*VALUEOPTIONS EDI HELPDESK*TE*8882479311*EM*ESUPPORTSERVICES@VALUEOPTIONS.COM~N1*PE*SERENITY COUNSELING SERVICES H*XX*1699008045~N3*10641 WINDSMONT CT~N4*LEHIGH ACRES*FL*339367268~REF*TJ*812344400~LX*1~CLP*0*1*85*85**13*06   080621 04065 00360*11~NM1*QC*1*NATOR*ROSE*L***MI*1104614~NM1*IL*1*NATOR*ROSE*L***MI*1104614~NM1*82*2*LINARES, DAVID*****XX*1699008045~REF*1W*1104614~REF*1J*E824169~SVC*HC:AEA:60*85*85~DTM*472*20210806~REF*6R*001~AMT*B6*85~SE*24*0002~ST*835*0003~BPR*I*425*C*ACH*CCP*01*051404260*DA*252781161*1541414194**01*321370765*DA*8102075433*20210816~TRN*1*0000522346*1541414194~N1*PR*BEACON HEALTH OPTIONS, INC.~N3*ATTN FINANCE DEPT~N4*NORFOLK*VA*23502~REF*2U*FDX~PER*BL*VALUEOPTIONS EDI HELPDESK*TE*8882479311*EM*ESUPPORTSERVICES@VALUEOPTIONS.COM~N1*PE*SERENITY COUNSELING SERVICES H*XX*1699008045~N3*10641 WINDSMONT CT~N4*LEHIGH ACRES*FL*339367268~REF*TJ*812344400~LX*1~CLP*0*1*85*85**13*06   080921 04065 00425*11~NM1*QC*1*GAITHER*ANDREW*J***MI*1102587~NM1*IL*1*GAITHER*ANDREW*J***MI*1102587~NM1*82*2*LINARES, DAVID*****XX*1699008045~REF*1W*1102587~REF*1J*E824169~SVC*HC:AEA:60*85*85~DTM*472*20210807~REF*6R*001~AMT*B6*85~CLP*0*1*85*85**13*06   080621 04065 00365*11~NM1*QC*1*NOZAKI*SCOTT*F***MI*1114819~NM1*IL*1*NOZAKI*SCOTT*F***MI*1114819~NM1*82*2*LINARES, DAVID*****XX*1699008045~REF*1W*1114819~REF*1J*E824169~SVC*HC:AEA:60*85*85~DTM*472*20210806~REF*6R*001~AMT*B6*85~CLP*0*1*85*85**13*06   080621 04065 00401*11~NM1*QC*1*TOVAR*JOSHUA*L***MI*259492~NM1*IL*1*TOVAR*JOSHUA*L***MI*259492~NM1*82*2*LINARES, DAVID*****XX*1699008045~REF*1W*259492~REF*1J*E824169~SVC*HC:AEA:60*85*85~DTM*472*20210806~REF*6R*001~AMT*B6*85~CLP*0*1*85*85**13*06   080621 04065 00304*11~NM1*QC*1*WORRELL*JAMES****MI*1061422~NM1*IL*1*WORRELL*JAMES****MI*1061422~NM1*82*2*LINARES, DAVID*****XX*1699008045~REF*1W*1061422~REF*1J*E824169~SVC*HC:AEA:60*85*85~DTM*472*20210802~REF*6R*001~AMT*B6*85~CLP*0*1*85*85**13*06   080621 04065 00323*11~NM1*QC*1*WORRELL*JAMES****MI*1061422~NM1*IL*1*WORRELL*JAMES****MI*1061422~NM1*82*2*LINARES, DAVID*****XX*1699008045~REF*1W*1061422~REF*1J*E824169~SVC*HC:AEA:60*85*85~DTM*472*20210806~REF*6R*001~AMT*B6*85~SE*64*0003~ST*835*0004~BPR*I*340*C*ACH*CCP*01*051404260*DA*252781161*1541414194**01*321370765*DA*8102075433*20210816~TRN*1*0000521911*1541414194~N1*PR*BEACON HEALTH OPTIONS, INC.~N3*ATTN FINANCE DEPT~N4*NORFOLK*VA*23502~REF*2U*FDX~PER*BL*VALUEOPTIONS EDI HELPDESK*TE*8882479311*EM*ESUPPORTSERVICES@VALUEOPTIONS.COM~N1*PE*SERENITY COUNSELING SERVICES H*XX*1699008045~N3*10641 WINDSMONT CT~N4*LEHIGH ACRES*FL*339367268~REF*TJ*812344400~LX*1~CLP*0*1*85*85**13*06   080721 04065 00171*11~NM1*QC*1*CUI*BAJUN*M***MI*908655~NM1*IL*1*CUI*BAJUN*M***MI*908655~NM1*82*2*LINARES, DAVID*****XX*1699008045~REF*1W*908655~REF*1J*E824169~SVC*HC:AEA:60*85*85~DTM*472*20210807~REF*6R*001~AMT*B6*85~CLP*0*1*85*85**13*06   080621 04065 00339*11~NM1*QC*1*HANSON*DANE*M***MI*804114~NM1*IL*1*HANSON*DANE*M***MI*804114~NM1*82*2*LINARES, DAVID*****XX*1699008045~REF*1W*804114~REF*1J*E824169~SVC*HC:AEA:60*85*85~DTM*472*20210801~REF*6R*001~AMT*B6*85~CLP*0*1*85*85**13*06   080621 04065 00342*11~NM1*QC*1*HANSON*DANE*M***MI*804114~NM1*IL*1*HANSON*DANE*M***MI*804114~NM1*82*2*LINARES, DAVID*****XX*1699008045~REF*1W*804114~REF*1J*E824169~SVC*HC:AEA:60*85*85~DTM*472*20210806~REF*6R*001~AMT*B6*85~CLP*0*1*85*85**13*06   080921 04065 00344*11~NM1*QC*1*NORMAN*TRISTON*F***MI*1074395~NM1*IL*1*NORMAN*TRISTON*F***MI*1074395~NM1*82*2*LINARES, DAVID*****XX*1699008045~REF*1W*1074395~REF*1J*E824169~SVC*HC:AEA:60*85*85~DTM*472*20210809~REF*6R*001~AMT*B6*85~SE*54*0004~GE*4*861160351~IEA*1*861160351~