ISA*00*          *00*          *ZZ*330897513      *ZZ*MEDBOSSC       *210930*0252*^*00501*876910118*0*P*:~GS*HP*330897513*MEDBOSSC*20210930*0252*876910118*X*005010X221A1~ST*835*0001~BPR*I*224.04*C*ACH*CCP*01*121301015*DA*01-015559*1990040115**01*321370765*DA*81020-75433*20211004~TRN*1*4176216*1990040115~N1*PR*HAWAII MEDICAL SERVICE ASSOCIATION~N3*P.O. BOX 1346~N4*HONOLULU*HI*96807~PER*BL*ETS*TE*8089486355~N1*PE*SERENITY COUNSELING SERVICES HAWAII*XX*1588011043~N3*10641 WINDSMOUNT CT~N4*LEHIGH ACRES*FL*33936~REF*TJ*812344400~LX*1~CLP*559-4407*1*120*74.68*30*12*F11264275041~NM1*QC*1*THOMAS*SARAH****MI*R60652621~NM1*IL*1*THOMAS*SARAH*E***MI*R60652621~NM1*82*1*LINARES*DAVID****XX*1699008045~DTM*232*20210903~AMT*AU*120~SVC*HC:90834:95*120*74.68~CAS*CO*45*15.32~CAS*PR*3*30~REF*6R*240559-4407~AMT*B6*104.68~CLP*559-4604*1*120*74.68*30*12*F11264275512~NM1*QC*1*THOMAS*SARAH****MI*R60652621~NM1*IL*1*THOMAS*SARAH*E***MI*R60652621~NM1*82*1*LINARES*DAVID****XX*1699008045~DTM*232*20210910~AMT*AU*120~SVC*HC:90834:95*120*74.68~CAS*CO*45*15.32~CAS*PR*3*30~REF*6R*168559-4604~AMT*B6*104.68~CLP*559-4800*1*120*74.68*30*12*F11265318712~NM1*QC*1*THOMAS*SARAH****MI*R60652621~NM1*IL*1*THOMAS*SARAH*E***MI*R60652621~NM1*82*1*LINARES*DAVID****XX*1699008045~DTM*232*20210917~AMT*AU*120~SVC*HC:90834:95*120*74.68~CAS*CO*45*15.32~CAS*PR*3*30~REF*6R*340559-4800~AMT*B6*104.68~SE*46*0001~ST*835*0002~BPR*I*1993.13*C*ACH*CCP*01*121301015*DA*01076140*1990040115**01*321370765*DA*8102075433*20210930~TRN*1*2001668*1990040115~REF*F2*5.40~DTM*405*20210927~N1*PR*HAWAII MEDICAL SERVICE ASSOCIATION~N3*818 KEEAUMOKU ST~N4*HONOLULU*HI*96814~PER*BL*ETS*TE*8089486355~N1*PE*SERENITY COUNSELING SERVICES HAWAII LLC*XX*1588011043~REF*TJ*812344400~LX*1~CLP*622-3191*1*120*68.38**MC*21264E002030*02~NM1*QC*1*HILO-NGUYEN*CHRYSANTHEMUM****MI*0001047624~NM1*74*1*HILONGUYEN*CHRYSANTH**I~NM1*82*2*FERREIRA*****XX*1811143126~DTM*232*20210605~DTM*233*20210605~DTM*050*20210920~AMT*AU*68.38~SVC*HC:90834:95*120*68.38~CAS*CO*45*51.62~REF*6R*022622-3191~AMT*B6*68.38~CLP*510-4713*1*180*101.63**MC*21264E002065*02~NM1*QC*1*DEGRAFTTURKSON*VELMA****MI*0000022035~NM1*74*1***W~NM1*82*2*PLAYTER*****XX*1013394097~DTM*232*20210831~DTM*233*20210831~DTM*050*20210920~AMT*AU*101.63~SVC*HC:90791:95*180*101.63~CAS*CO*45*78.37~REF*6R*974510-4713~AMT*B6*101.63~CLP*622-3193*1*120*68.38**MC*21264E002102*02~NM1*QC*1*HILO-NGUYEN*CHRYSANTHEMUM****MI*0001047624~NM1*74*1*HILONGUYEN*CHRYSANTH**I~NM1*82*2*FERREIRA*****XX*1811143126~DTM*232*20210724~DTM*233*20210724~DTM*050*20210920~AMT*AU*68.38~SVC*HC:90834:95*120*68.38~CAS*CO*45*51.62~REF*6R*024622-3193~AMT*B6*68.38~CLP*831-4202*1*120*68.38**MC*21264E002169*02~NM1*QC*1*NILO*DANIELJAM****MI*0002538331~NM1*74*1**DANIELJAM**N~NM1*82*1*WATERS*LORI*M***XX*1760854152~DTM*232*20210827~DTM*233*20210827~DTM*050*20210920~AMT*AU*68.38~SVC*HC:90834:95*120*68.38~CAS*CO*45*51.62~REF*6R*298831-4202~AMT*B6*68.38~CLP*524-4291*1*120*68.38**MC*21264E002315*02~NM1*QC*1*SHARP*LEIGHANNE****MI*0000376591~NM1*74*1***C~NM1*82*2*FERREIRA*****XX*1811143126~DTM*232*20210825~DTM*233*20210825~DTM*050*20210920~AMT*AU*68.38~SVC*HC:90834:95*120*68.38~CAS*CO*45*51.62~REF*6R*564524-4291~AMT*B6*68.38~CLP*669-3496*1*120*68.38**MC*21264E002491*02~NM1*QC*1*KAHAPEA*JONAH****MI*0000846147~NM1*74*1***H~NM1*82*2*FERREIRA*****XX*1811143126~DTM*232*20210802~DTM*233*20210802~DTM*050*20210920~AMT*AU*68.38~SVC*HC:90834:95*120*68.38~CAS*CO*45*51.62~REF*6R*339669-3496~AMT*B6*68.38~CLP*622-3855*1*120*68.38**MC*21264E002509*02~NM1*QC*1*HILO-NGUYEN*CHRYSANTHEMUM****MI*0001047624~NM1*74*1*HILONGUYEN*CHRYSANTH**I~NM1*82*2*FERREIRA*****XX*1811143126~DTM*232*20210814~DTM*233*20210814~DTM*050*20210920~AMT*AU*68.38~SVC*HC:90834:95*120*68.38~CAS*CO*45*51.62~REF*6R*026622-3855~AMT*B6*68.38~CLP*897-4455*1*120*68.38**MC*21264E002647*02~NM1*QC*1*PEITERSON*SCOTT****MI*0002449442~NM1*82*2*LINARES*****XX*1699008045~DTM*232*20210906~DTM*233*20210906~DTM*050*20210920~AMT*AU*68.38~SVC*HC:90834:95*120*68.38~CAS*CO*45*51.62~REF*6R*130897-4455~AMT*B6*68.38~CLP*669-2505*1*120*68.38**MC*21264E002657*02~NM1*QC*1*KAHAPEA*JONAH****MI*0000846147~NM1*74*1***H~NM1*82*2*FERREIRA*****XX*1811143126~DTM*232*20210601~DTM*233*20210601~DTM*050*20210920~AMT*AU*68.38~SVC*HC:90834:95*120*68.38~CAS*CO*45*51.62~REF*6R*337669-2505~AMT*B6*68.38~CLP*669-2500*1*120*68.38**MC*21264E002674*02~NM1*QC*1*KAHAPEA*JONAH****MI*0000846147~NM1*74*1***H~NM1*82*2*FERREIRA*****XX*1811143126~DTM*232*20210517~DTM*233*20210517~DTM*050*20210920~AMT*AU*68.38~SVC*HC:90834:95*120*68.38~CAS*CO*45*51.62~REF*6R*336669-2500~AMT*B6*68.38~CLP*771-3666*1*150*0**MC*21264E002678*02~NM1*QC*1*MARTINEA*TRIPPET****MI*0002356610~NM1*74*1*TRIPPETT*MARTINEA~NM1*82*2*MATSUMOTO*****XX*1427398312~DTM*232*20210807~DTM*233*20210807~DTM*050*20210920~SVC*HC:90837:95*150*0~CAS*OA*18*150~REF*6R*653771-3666~LQ*HE*N522~CLP*524-4289*1*120*68.38**MC*21264E002978*02~NM1*QC*1*SHARP*LEIGHANNE****MI*0000376591~NM1*74*1***C~NM1*82*2*FERREIRA*****XX*1811143126~DTM*232*20210814~DTM*233*20210814~DTM*050*20210920~AMT*AU*68.38~SVC*HC:90834:95*120*68.38~CAS*CO*45*51.62~REF*6R*563524-4289~AMT*B6*68.38~CLP*669-2913*1*120*68.38**MC*21264E003046*02~NM1*QC*1*KAHAPEA*JONAH****MI*0000846147~NM1*74*1***H~NM1*82*2*FERREIRA*****XX*1811143126~DTM*232*20210712~DTM*233*20210712~DTM*050*20210920~AMT*AU*68.38~SVC*HC:90834:95*120*68.38~CAS*CO*45*51.62~REF*6R*338669-2913~AMT*B6*68.38~CLP*524-4287*1*120*68.38**MC*21264E003104*02~NM1*QC*1*SHARP*LEIGHANNE****MI*0000376591~NM1*74*1***C~NM1*82*2*FERREIRA*****XX*1811143126~DTM*232*20210811~DTM*233*20210811~DTM*050*20210920~AMT*AU*68.38~SVC*HC:90834:95*120*68.38~CAS*CO*45*51.62~REF*6R*562524-4287~AMT*B6*68.38~CLP*771-4213*1*150*107.58**MC*21264E003127*02~NM1*QC*1*MARTINEA*TRIPPET****MI*0002356610~NM1*74*1*TRIPPETT*MARTINEA~NM1*82*2*MATSUMOTO*****XX*1427398312~DTM*232*20210612~DTM*233*20210612~DTM*050*20210920~AMT*AU*107.58~SVC*HC:90837:95*150*107.58~CAS*CO*45*42.42~REF*6R*813985405L903853928~AMT*B6*107.58~CLP*669-4735*1*120*79.22**MC*21264E003271*02~NM1*QC*1*KAHAPEA*JONAH****MI*0000846147~NM1*74*1***H~NM1*82*2*FERREIRA*****XX*1811143126~DTM*232*20210218~DTM*233*20210218~DTM*050*20210920~AMT*AU*79.22~SVC*HC:90847:95*120*79.22~CAS*CO*45*40.78~REF*6R*078669-4735~AMT*B6*79.22~CLP*669-4736*1*120*68.38**MC*21264E003315*02~NM1*QC*1*KAHAPEA*JONAH****MI*0000846147~NM1*74*1***H~NM1*82*2*FERREIRA*****XX*1811143126~DTM*232*20210325~DTM*233*20210325~DTM*050*20210920~AMT*AU*68.38~SVC*HC:90834:95*120*68.38~CAS*CO*45*51.62~REF*6R*080669-4736~AMT*B6*68.38~CLP*771-2143*1*150*107.58**MC*21264E003675*02~NM1*QC*1*MARTINEA*TRIPPET****MI*0002356610~NM1*74*1*TRIPPETT*MARTINEA~NM1*82*2*MATSUMOTO*****XX*1427398312~DTM*232*20210619~DTM*233*20210619~DTM*050*20210920~AMT*AU*107.58~SVC*HC:90837:95*150*107.58~CAS*CO*45*42.42~REF*6R*895771-2143~AMT*B6*107.58~CLP*771-2596*1*150*107.58**MC*21264E003683*02~NM1*QC*1*MARTINEA*TRIPPET****MI*0002356610~NM1*74*1*TRIPPETT*MARTINEA~NM1*82*2*MATSUMOTO*****XX*1427398312~DTM*232*20210704~DTM*233*20210704~DTM*050*20210920~AMT*AU*107.58~SVC*HC:90837:95*150*107.58~CAS*CO*45*42.42~REF*6R*129771-2596~AMT*B6*107.58~CLP*669-4565*1*120*68.38**MC*21264E003848*02~NM1*QC*1*KAHAPEA*JONAH****MI*0000846147~NM1*74*1***H~NM1*82*2*FERREIRA*****XX*1811143126~DTM*232*20210818~DTM*233*20210818~DTM*050*20210920~AMT*AU*68.38~SVC*HC:90834:95*120*68.38~CAS*CO*45*51.62~REF*6R*353669-4565~AMT*B6*68.38~CLP*2023-4750*1*150*107.58**MC*21265E001633*02~NM1*QC*1*GALERA*JENNIE****MI*0002299881~NM1*74*1***C~NM1*82*2*PLAYTER*****XX*1013394097~DTM*232*20210907~DTM*233*20210907~DTM*050*20210921~AMT*AU*107.58~SVC*HC:90837:95*150*107.58~CAS*CO*45*42.42~REF*6R*814171638L904328655~AMT*B6*107.58~CLP*2023-4311*1*180*101.63**MC*21265E001766*02~NM1*QC*1*GALERA*JENNIE****MI*0002299881~NM1*74*1***C~NM1*82*2*PLAYTER*****XX*1013394097~DTM*232*20210830~DTM*233*20210830~DTM*050*20210921~AMT*AU*101.63~SVC*HC:90791:95*180*101.63~CAS*CO*45*78.37~REF*6R*814171634L904328648~AMT*B6*101.63~CLP*1947-4169*1*120*68.38**MC*21265E002262*02~NM1*QC*1*PIMENTAL*MICAH****MI*0002548960~NM1*74*1***K~NM1*82*2*LINARES*****XX*1699008045~DTM*232*20210827~DTM*233*20210827~DTM*050*20210921~AMT*AU*68.38~SVC*HC:90834:95*120*68.38~CAS*CO*45*51.62~REF*6R*814171806L904329032~AMT*B6*68.38~CLP*1947-4392*1*120*68.38**MC*21265E002661*02~NM1*QC*1*PIMENTAL*MICAH****MI*0002548960~NM1*74*1***K~NM1*82*2*LINARES*****XX*1699008045~DTM*232*20210903~DTM*233*20210903~DTM*050*20210921~AMT*AU*68.38~SVC*HC:90834:95*120*68.38~CAS*CO*45*51.62~REF*6R*814171812L904329036~AMT*B6*68.38~CLP*1947-4768*1*120*68.38**MC*21265E003303*02~NM1*QC*1*PIMENTAL*MICAH****MI*0002548960~NM1*74*1***K~NM1*82*2*LINARES*****XX*1699008045~DTM*232*20210917~DTM*233*20210917~DTM*050*20210921~AMT*AU*68.38~SVC*HC:90834:95*120*68.38~CAS*CO*45*51.62~REF*6R*814172246L904330533~AMT*B6*68.38~CLP*897-4916*1*120*68.38**MC*21266E002008*02~NM1*QC*1*PEITERSON*SCOTT****MI*0002449442~NM1*82*2*LINARES*****XX*1699008045~DTM*232*20210920~DTM*233*20210920~DTM*050*20210922~AMT*AU*68.38~SVC*HC:90834:95*120*68.38~CAS*CO*45*51.62~REF*6R*528897-4916~AMT*B6*68.38~CLP*858-4971*1*90*49.49**MC*21270E003827*02~NM1*QC*1*CHUN*MARIAH****MI*0000806519~NM1*74*1***N~NM1*82*2*PLAYTER*****XX*1013394097~DTM*232*20210921~DTM*233*20210921~DTM*050*20210926~AMT*AU*49.49~SVC*HC:90832:95*90*49.49~CAS*CO*45*40.51~REF*6R*615858-4971~AMT*B6*49.49~SE*334*0002~GE*2*876910118~IEA*1*876910118~