ISA*00*          *00*          *ZZ*330897513      *ZZ*MEDBOSSC       *211028*0246*^*00501*886584789*0*P*:~GS*HP*330897513*MEDBOSSC*20211028*0246*886584789*X*005010X221A1~ST*835*0001~BPR*I*116.02*C*ACH*CCP*01*121301015*DA*01-015559*1990040115**01*321370765*DA*81020-75433*20211101~TRN*1*4178026*1990040115~N1*PR*HAWAII MEDICAL SERVICE ASSOCIATION~N3*P.O. BOX 1346~N4*HONOLULU*HI*96807~PER*BL*ETS*TE*8089486355~N1*PE*SERENITY COUNSELING SERVICES HAWAII*XX*1588011043~N3*10641 WINDSMOUNT CT~N4*LEHIGH ACRES*FL*33936~REF*TJ*812344400~LX*1~CLP*559-5509*1*120*74.68*30*12*F11292221945~NM1*QC*1*THOMAS*SARAH****MI*R60652621~NM1*IL*1*THOMAS*SARAH*E***MI*R60652621~NM1*82*1*LINARES*DAVID****XX*1699008045~DTM*232*20211015~AMT*AU*120~SVC*HC:90834:95*120*74.68~CAS*CO*45*15.32~CAS*PR*3*30~REF*6R*929559-5509~AMT*B6*104.68~CLP*559-4028*1*90*41.34*30*12*F11294315109~NM1*QC*1*THOMAS*SARAH****MI*R60652621~NM1*IL*1*THOMAS*SARAH*E***MI*R60652621~NM1*82*1*LINARES*DAVID****XX*1699008045~DTM*232*20210823~AMT*AU*90~SVC*HC:90832:95*90*41.34~CAS*CO*45*18.66~CAS*PR*3*30~REF*6R*275559-4028~AMT*B6*71.34~SE*35*0001~GE*1*886584789~IEA*1*886584789~