ISA*00*          *00*          *ZZ*330897513      *ZZ*MEDBOSSC       *211125*1212*^*00501*896141490*0*P*:~GS*HP*330897513*MEDBOSSC*20211125*1212*896141490*X*005010X221A1~ST*835*0001~BPR*I*255*C*ACH*CCP*01*051404260*DA*252781161*1541414194**01*321370765*DA*8102075433*20211129~TRN*1*0000545331*1541414194~N1*PR*BEACON HEALTH OPTIONS, INC.~N3*ATTN FINANCE DEPT~N4*NORFOLK*VA*23502~REF*2U*FDX~PER*BL*VALUEOPTIONS EDI HELPDESK*TE*8882479311*EM*ESUPPORTSERVICES@VALUEOPTIONS.COM~N1*PE*SERENITY COUNSELING SERVICES H*XX*1699008045~N3*10641 WINDSMONT CT~N4*LEHIGH ACRES*FL*339367268~REF*TJ*812344400~LX*1~CLP*0*1*60*85**13*06   112221 04065 00268*11~NM1*QC*1*BYARS-ALLMAN*DAVID*M***MI*1167831~NM1*IL*1*BYARS-ALLMAN*DAVID*M***MI*1167831~NM1*82*2*LINARES, DAVID*****XX*1699008045~REF*1W*1167831~REF*1J*E824169~SVC*HC:AEA:60*60*85~DTM*472*20211122~REF*6R*001~AMT*B6*85~CLP*0*1*60*85**13*06   112021 04065 00216*11~NM1*QC*1*MELTZER*MATTHEW*E***MI*527793~NM1*IL*1*MELTZER*MATTHEW*E***MI*527793~NM1*82*2*LINARES, DAVID*****XX*1699008045~REF*1W*527793~REF*1J*E824169~SVC*HC:AEA:60*60*85~DTM*472*20211120~REF*6R*001~AMT*B6*85~CLP*0*1*60*85**13*06   111921 04065 00369*11~NM1*QC*1*MORRIS*LUKE*R***MI*723339~NM1*IL*1*MORRIS*LUKE*R***MI*723339~NM1*82*2*LINARES, DAVID*****XX*1699008045~REF*1W*723339~REF*1J*E824169~SVC*HC:AEA:60*60*85~DTM*472*20211119~REF*6R*001~AMT*B6*85~SE*44*0001~ST*835*0002~BPR*I*425*C*ACH*CCP*01*051404260*DA*252781161*1541414194**01*321370765*DA*8102075433*20211129~TRN*1*0000544536*1541414194~N1*PR*BEACON HEALTH OPTIONS, INC.~N3*ATTN FINANCE DEPT~N4*NORFOLK*VA*23502~REF*2U*FDX~PER*BL*VALUEOPTIONS EDI HELPDESK*TE*8882479311*EM*ESUPPORTSERVICES@VALUEOPTIONS.COM~N1*PE*SERENITY COUNSELING SERVICES H*XX*1699008045~N3*10641 WINDSMONT CT~N4*LEHIGH ACRES*FL*339367268~REF*TJ*812344400~LX*1~CLP*0*1*60*85**13*06   112021 04065 00205*11~NM1*QC*1*CHAN*MONICA*M***MI*833265~NM1*IL*1*CHAN*MONICA*M***MI*833265~NM1*82*2*LINARES, DAVID*****XX*1699008045~REF*1W*833265~REF*1J*E824169~SVC*HC:AEA:60*60*85~DTM*472*20211120~REF*6R*001~AMT*B6*85~CLP*0*4*60*0**13*06   111921 04065 00271*11~NM1*QC*1*CORTEZ*MARTIN*D***MI*1134561~NM1*IL*1*CORTEZ*MARTIN*D***MI*1134561~NM1*82*2*LINARES, DAVID*****XX*1699008045~REF*1W*1134561~REF*1J*E824169~SVC*HC:AEA:60*60*0~DTM*472*20211119~CAS*CO*16*60~REF*6R*001~LQ*HE*N54~CLP*0*1*60*85**13*06   112021 04065 00170*11~NM1*QC*1*CUI*BAJUN*M***MI*908655~NM1*IL*1*CUI*BAJUN*M***MI*908655~NM1*82*2*LINARES, DAVID*****XX*1699008045~REF*1W*908655~REF*1J*E824169~SVC*HC:AEA:60*60*85~DTM*472*20211120~REF*6R*001~AMT*B6*85~CLP*0*4*60*0**13*06   112021 04065 00243*11~NM1*QC*1*LINGLEY*JEREMIAH*E***MI*368612~NM1*IL*1*LINGLEY*JEREMIAH*E***MI*368612~NM1*82*2*LINARES, DAVID*****XX*1699008045~REF*1W*368612~REF*1J*E824169~SVC*HC:AEA:60*60*0~DTM*472*20211120~CAS*CO*16*60~REF*6R*001~LQ*HE*MA113~CLP*0*1*60*85**13*06   112021 04065 00223*11~NM1*QC*1*MYLES*BRENT*D***MI*1142707~NM1*IL*1*MYLES*BRENT*D***MI*1142707~NM1*82*2*LINARES, DAVID*****XX*1699008045~REF*1W*1142707~REF*1J*E824169~SVC*HC:AEA:60*60*85~DTM*472*20211120~REF*6R*001~AMT*B6*85~CLP*0*1*60*85**13*06   111921 04065 00398*11~NM1*QC*1*ORAVETZ*LOGAN*S***MI*1149764~NM1*IL*1*ORAVETZ*LOGAN*S***MI*1149764~NM1*82*2*LINARES, DAVID*****XX*1699008045~REF*1W*1149764~REF*1J*E824169~SVC*HC:AEA:60*60*85~DTM*472*20211119~REF*6R*001~AMT*B6*85~CLP*0*1*60*85**13*06   111921 04065 00392*11~NM1*QC*1*SMALL*TERRELL*D***MI*1167837~NM1*IL*1*SMALL*TERRELL*D***MI*1167837~NM1*82*2*LINARES, DAVID*****XX*1699008045~REF*1W*1167837~REF*1J*E824169~SVC*HC:AEA:60*60*85~DTM*472*20211119~REF*6R*001~AMT*B6*85~SE*86*0002~ST*835*0003~BPR*I*510*C*ACH*CCP*01*051404260*DA*252781161*1541414194**01*321370765*DA*8102075433*20211129~TRN*1*0000544928*1541414194~N1*PR*BEACON HEALTH OPTIONS, INC.~N3*ATTN FINANCE DEPT~N4*NORFOLK*VA*23502~REF*2U*FDX~PER*BL*VALUEOPTIONS EDI HELPDESK*TE*8882479311*EM*ESUPPORTSERVICES@VALUEOPTIONS.COM~N1*PE*SERENITY COUNSELING SERVICES H*XX*1699008045~N3*10641 WINDSMONT CT~N4*LEHIGH ACRES*FL*339367268~REF*TJ*812344400~LX*1~CLP*0*1*60*85**13*06   112221 04065 00493*11~NM1*QC*1*HEFFERNAN*JULISSA*V***MI*1155227~NM1*IL*1*HEFFERNAN*JULISSA*V***MI*1155227~NM1*82*2*LINARES, DAVID*****XX*1699008045~REF*1W*1155227~REF*1J*E824169~SVC*HC:AEA:60*60*85~DTM*472*20211122~REF*6R*001~AMT*B6*85~CLP*0*1*60*85**13*06   112021 04065 00227*11~NM1*QC*1*JOHNSON*QUINTEN*V***MI*1166815~NM1*IL*1*JOHNSON*QUINTEN*V***MI*1166815~NM1*82*2*LINARES, DAVID*****XX*1699008045~REF*1W*1166815~REF*1J*E824169~SVC*HC:AEA:60*60*85~DTM*472*20211120~REF*6R*001~AMT*B6*85~CLP*0*1*60*85**13*06   112021 04065 00153*11~NM1*QC*1*KEENAN*ANNA*M***MI*1140803~NM1*IL*1*KEENAN*ANNA*M***MI*1140803~NM1*82*2*LINARES, DAVID*****XX*1699008045~REF*1W*1140803~REF*1J*E824169~SVC*HC:AEA:60*60*85~DTM*472*20211119~REF*6R*001~AMT*B6*85~CLP*0*1*60*85**13*06   111921 04065 00405*11~NM1*QC*1*TARKINGTON*BRIEN****MI*1157686~NM1*IL*1*TARKINGTON*BRIEN****MI*1157686~NM1*82*2*LINARES, DAVID*****XX*1699008045~REF*1W*1157686~REF*1J*E824169~SVC*HC:AEA:60*60*85~DTM*472*20211119~REF*6R*001~AMT*B6*85~CLP*0*1*60*85**13*06   112221 04065 00397*11~NM1*QC*1*TOVAR*JOSHUA*L***MI*259492~NM1*IL*1*TOVAR*JOSHUA*L***MI*259492~NM1*82*2*LINARES, DAVID*****XX*1699008045~REF*1W*259492~REF*1J*E824169~SVC*HC:AEA:60*60*85~DTM*472*20211122~REF*6R*001~AMT*B6*85~CLP*0*1*60*85**13*06   112221 04065 00295*11~NM1*QC*1*WARTENBERG*MICHAEL*J***MI*1166001~NM1*IL*1*WARTENBERG*MICHAEL*J***MI*1166001~NM1*82*2*LINARES, DAVID*****XX*1699008045~REF*1W*1166001~REF*1J*E824169~SVC*HC:AEA:60*60*85~DTM*472*20211122~REF*6R*001~AMT*B6*85~SE*74*0003~ST*835*0004~BPR*I*85*C*ACH*CCP*01*051404260*DA*252781161*1541414194**01*321370765*DA*8102075433*20211129~TRN*1*0000545101*1541414194~N1*PR*BEACON HEALTH OPTIONS, INC.~N3*ATTN FINANCE DEPT~N4*NORFOLK*VA*23502~REF*2U*FDX~PER*BL*VALUEOPTIONS EDI HELPDESK*TE*8882479311*EM*ESUPPORTSERVICES@VALUEOPTIONS.COM~N1*PE*SERENITY COUNSELING SERVICES H*XX*1699008045~N3*10641 WINDSMONT CT~N4*LEHIGH ACRES*FL*339367268~REF*TJ*812344400~LX*1~CLP*0*1*60*85**13*06   112221 04065 00360*11~NM1*QC*1*KINNEY*HAYDEN*L***MI*1135298~NM1*IL*1*KINNEY*HAYDEN*L***MI*1135298~NM1*82*2*LINARES, DAVID*****XX*1699008045~REF*1W*1135298~REF*1J*E824169~SVC*HC:AEA:60*60*85~DTM*472*20211122~REF*6R*001~AMT*B6*85~SE*24*0004~ST*835*0005~BPR*I*933.84*C*ACH*CCP*01*031202770*DA*8026501176*1841160004*000000000*01*321370765*DA*8102075433*20211129~TRN*1*5409871327VT2*1860813402*000000000~REF*EV*7GW1459CA3~REF*F2*1588011043    R35011123002891~DTM*405*20211123~N1*PR*TRIWEST HEALTHCARE ALLIANCE~N3*PO BOX 42270~N4*PHOENIX*AZ*850802270~PER*CX**TE*8772268749~PER*BL*VA CCN PROVIDER SERVICES*TE*8002590264~PER*IC**UR*WWW.TRIWEST.COM~N1*PE*DAVID LINARES*XX*1588011043~N3*APT 3U*94-1261 LUMIKULA ST~N4*WAIPAHU*HI*96797~REF*TJ*812344400~LX*1~CLP*625-3421*1*120*0**VA*H326X0SZB0000*11*1~NM1*QC*1*BOTELLO*ISIS****MI*1039443374V490788~DTM*050*20211122~SVC*HC:90834:95*120*0~DTM*472*20210705~CAS*CO*288*120~REF*6R*803625-3421~LQ*HE*N489~LX*2~CLP*625-2726*1*120*0**VA*H326X0SZ20000*11*1~NM1*QC*1*BOTELLO*ISIS****MI*1039443374V490788~DTM*050*20211122~SVC*HC:90834:95*120*0~DTM*472*20210608~CAS*CO*288*120~REF*6R*799625-2726~LQ*HE*N489~LX*3~CLP*625-2728*1*120*0**VA*H326X0SZ50000*11*1~NM1*QC*1*BOTELLO*ISIS****MI*1039443374V490788~DTM*050*20211122~SVC*HC:90834:95*120*0~DTM*472*20210615~CAS*CO*288*120~REF*6R*800625-2728~LQ*HE*N489~LX*4~CLP*625-2730*1*120*0**VA*H326X0SZ60000*11*1~NM1*QC*1*BOTELLO*ISIS****MI*1039443374V490788~DTM*050*20211122~SVC*HC:90834:95*120*0~DTM*472*20210622~CAS*CO*288*120~REF*6R*801625-2730~LQ*HE*N489~LX*5~CLP*625-3419*1*120*0**VA*H326X0SZ90000*11*1~NM1*QC*1*BOTELLO*ISIS****MI*1039443374V490788~DTM*050*20211122~SVC*HC:90834:95*120*0~DTM*472*20210630~CAS*CO*288*120~REF*6R*802625-3419~LQ*HE*N489~LX*6~CLP*655-935*1*120*0**VA*H326X0VBC0000*11*1~NM1*QC*1*GARCIA*GILBERT****MI*1003465512V070155~DTM*050*20211122~SVC*HC:90834:95*120*0~DTM*472*20210510~CAS*CO*29*120~REF*6R*152655-935~LX*7~CLP*740-2263*1*150*0**VA*H326X0VBD0000*11*1~NM1*QC*1*FAIRMAN*ASHLEY****MI*1012494160V984241~DTM*050*20211122~SVC*HC:90837:95*150*0~DTM*472*20210624~CAS*CO*288*150~REF*6R*584740-2263~LQ*HE*N489~LX*8~CLP*380-1226*1*120*0**VA*H326X0VB00000*11*1~NM1*QC*1*HOY*JASON****MI*1014349522V275214~DTM*050*20211122~SVC*HC:90834:95*120*0~DTM*472*20210523~CAS*CO*29*120~REF*6R*141380-1226~LX*9~CLP*380-1756*1*120*0**VA*H326X0VB40000*11*1~NM1*QC*1*HOY*JASON****MI*1014349522V275214~DTM*050*20211122~SVC*HC:90834:95*120*0~DTM*472*20210530~CAS*CO*288*120~REF*6R*142380-1756~LQ*HE*N489~LX*10~CLP*380-1852*1*120*0**VA*H326X0VB50000*11*1~NM1*QC*1*HOY*JASON****MI*1014349522V275214~DTM*050*20211122~SVC*HC:90834:95*120*0~DTM*472*20210606~CAS*CO*288*120~REF*6R*143380-1852~LQ*HE*N489~LX*11~CLP*380-1987*1*120*0**VA*H326X0VB60000*11*1~NM1*QC*1*HOY*JASON****MI*1014349522V275214~DTM*050*20211122~SVC*HC:90834:95*120*0~DTM*472*20210613~CAS*CO*288*120~REF*6R*144380-1987~LQ*HE*N489~LX*12~CLP*655-863*1*180*0**VA*H326X0VB70000*11*1~NM1*QC*1*GARCIA*GILBERT****MI*1003465512V070155~DTM*050*20211122~SVC*HC:90791:95*180*0~DTM*472*20210504~CAS*CO*29*180~REF*6R*151655-863~LX*13~CLP*380-3012*1*120*0**VA*H326X0VFL0000*11*1~NM1*QC*1*HOY*JASON****MI*1014349522V275214~DTM*050*20211122~SVC*HC:90834:95*120*0~DTM*472*20210719~CAS*CO*288*120~REF*6R*123380-3012~LQ*HE*N489~LX*14~CLP*380-3224*1*120*0**VA*H326X0VFN0000*11*1~NM1*QC*1*HOY*JASON****MI*1014349522V275214~DTM*050*20211122~SVC*HC:90834:95*120*0~DTM*472*20210726~CAS*CO*288*120~REF*6R*124380-3224~LQ*HE*N489~LX*15~CLP*380-3687*1*120*0**VA*H326X0VG20000*11*1~NM1*QC*1*HOY*JASON****MI*1014349522V275214~DTM*050*20211122~SVC*HC:90834:95*120*0~DTM*472*20210809~CAS*CO*288*120~REF*6R*002380-3687~LQ*HE*N489~LX*16~CLP*643-3532*1*120*0**VA*H326X0VJB0000*11*1~NM1*QC*1*MACEDO*SAMUEL****MI*757136824~DTM*050*20211122~SVC*HC:90834:95*120*0~DTM*472*20210721~CAS*CO*288*120~REF*6R*441643-3532~LQ*HE*N489~LX*17~CLP*643-4781*1*120*0**VA*H326X0VJC0000*11*1~NM1*QC*1*MACEDO*SAMUEL****MI*757136824~DTM*050*20211122~SVC*HC:90834:95*120*0~DTM*472*20210901~CAS*CO*288*120~REF*6R*446643-4781~LQ*HE*N489~LX*18~CLP*643-6053*1*120*0**VA*H326X0VJH0000*11*1~NM1*QC*1*MACEDO*SAMUEL****MI*757136824~DTM*050*20211122~SVC*HC:90834:95*120*0~DTM*472*20210929~CAS*CO*288*120~REF*6R*447643-6053~LQ*HE*N489~LX*19~CLP*643-2823*1*120*0**VA*H326X0VJ40000*11*1~NM1*QC*1*MACEDO*SAMUEL****MI*757136824~DTM*050*20211122~SVC*HC:90834:95*120*0~DTM*472*20210630~CAS*CO*288*120~REF*6R*436643-2823~LQ*HE*N489~LX*20~CLP*643-3519*1*120*0**VA*H326X0VJ50000*11*1~NM1*QC*1*MACEDO*SAMUEL****MI*757136824~DTM*050*20211122~SVC*HC:90834:95*120*0~DTM*472*20210707~CAS*CO*288*120~REF*6R*438643-3519~LQ*HE*N489~LX*21~CLP*643-3522*1*120*0**VA*H326X0VJ90000*11*1~NM1*QC*1*MACEDO*SAMUEL****MI*757136824~DTM*050*20211122~SVC*HC:90834:95*120*0~DTM*472*20210714~CAS*CO*288*120~REF*6R*440643-3522~LQ*HE*N489~LX*22~CLP*660-3179*1*120*0**VA*H326X0V8R0000*11*1~NM1*QC*1*BESTWICK*PAUL*A***MI*757536353~DTM*050*20211122~SVC*HC:90834:95*120*0~DTM*472*20210630~CAS*CO*288*120~REF*6R*843660-3179~LQ*HE*N489~LX*23~CLP*660-3181*1*120*0**VA*H326X0V8T0000*11*1~NM1*QC*1*BESTWICK*PAUL*A***MI*757536353~DTM*050*20211122~SVC*HC:90834:95*120*0~DTM*472*20210714~CAS*CO*288*120~REF*6R*844660-3181~LQ*HE*N489~LX*24~CLP*660-3183*1*120*0**VA*H326X0V8X0000*11*1~NM1*QC*1*BESTWICK*PAUL*A***MI*757536353~DTM*050*20211122~SVC*HC:90834:95*120*0~DTM*472*20210721~CAS*CO*288*120~REF*6R*845660-3183~LQ*HE*N489~LX*25~CLP*660-3876*1*120*0**VA*H326X0V8Y0000*11*1~NM1*QC*1*BESTWICK*PAUL*A***MI*757536353~DTM*050*20211122~SVC*HC:90834:95*120*0~DTM*472*20210811~CAS*CO*288*120~REF*6R*846660-3876~LQ*HE*N489~LX*26~CLP*660-3963*1*120*0**VA*H326X0V8Z0000*11*1~NM1*QC*1*BESTWICK*PAUL*A***MI*757536353~DTM*050*20211122~SVC*HC:90834:95*120*0~DTM*472*20210817~CAS*CO*288*120~REF*6R*847660-3963~LQ*HE*N489~LX*27~CLP*742-2911*1*150*0**VA*H326X0V9B0000*11*1~NM1*QC*1*ELVENIA*HENRY****MI*1018760076V111339~DTM*050*20211122~SVC*HC:90837:95*150*0~DTM*472*20210713~CAS*CO*288*150~REF*6R*730742-2911~LQ*HE*N489~LX*28~CLP*380-2162*1*120*0**VA*H326X0V9C0000*11*1~NM1*QC*1*HOY*JASON****MI*1014349522V275214~DTM*050*20211122~SVC*HC:90834:95*120*0~DTM*472*20210620~CAS*CO*288*120~REF*6R*347380-2162~LQ*HE*N489~LX*29~CLP*642-3441*1*120*79.51**VA*H326X0V9D0000*11*1~NM1*QC*1*COLEMAN*LOREN*A***MI*1005435148V000047~DTM*050*20211122~AMT*AU*79.51~SVC*HC:90834:95*120*79.51~DTM*472*20210728~CAS*CO*45*40.49~REF*6R*326642-3441~AMT*B6*79.51~LX*30~CLP*642-3443*1*120*79.51**VA*H326X0V9F0000*11*1~NM1*QC*1*COLEMAN*LOREN*A***MI*1005435148V000047~DTM*050*20211122~AMT*AU*79.51~SVC*HC:90834:95*120*79.51~DTM*472*20210721~CAS*CO*45*40.49~REF*6R*327642-3443~AMT*B6*79.51~LX*31~CLP*642-3445*1*120*79.51**VA*H326X0V9L0000*11*1~NM1*QC*1*COLEMAN*LOREN*A***MI*1005435148V000047~DTM*050*20211122~AMT*AU*79.51~SVC*HC:90834:95*120*79.51~DTM*472*20210714~CAS*CO*45*40.49~REF*6R*328642-3445~AMT*B6*79.51~LX*32~CLP*642-3447*1*120*79.51**VA*H326X0V9M0000*11*1~NM1*QC*1*COLEMAN*LOREN*A***MI*1005435148V000047~DTM*050*20211122~AMT*AU*79.51~SVC*HC:90834:95*120*79.51~DTM*472*20210630~CAS*CO*45*40.49~REF*6R*329642-3447~AMT*B6*79.51~LX*33~CLP*642-3967*1*120*79.51**VA*H326X0V9N0000*11*1~NM1*QC*1*COLEMAN*LOREN*A***MI*1005435148V000047~DTM*050*20211122~AMT*AU*79.51~SVC*HC:90834:95*120*79.51~DTM*472*20210806~CAS*CO*45*40.49~REF*6R*330642-3967~AMT*B6*79.51~LX*34~CLP*642-3969*1*120*79.51**VA*H326X0V9R0000*11*1~NM1*QC*1*COLEMAN*LOREN*A***MI*1005435148V000047~DTM*050*20211122~AMT*AU*79.51~SVC*HC:90834:95*120*79.51~DTM*472*20210811~CAS*CO*45*40.49~REF*6R*331642-3969~AMT*B6*79.51~LX*35~CLP*642-3971*1*120*79.51**VA*H326X0V9S0000*11*1~NM1*QC*1*COLEMAN*LOREN*A***MI*1005435148V000047~DTM*050*20211122~AMT*AU*79.51~SVC*HC:90834:95*120*79.51~DTM*472*20210818~CAS*CO*45*40.49~REF*6R*332642-3971~AMT*B6*79.51~LX*36~CLP*642-4557*1*120*79.51**VA*H326X0V9X0000*11*1~NM1*QC*1*COLEMAN*LOREN*A***MI*1005435148V000047~DTM*050*20211122~AMT*AU*79.51~SVC*HC:90834:95*120*79.51~DTM*472*20210825~CAS*CO*45*40.49~REF*6R*333642-4557~AMT*B6*79.51~LX*37~CLP*642-4559*1*120*79.51**VA*H326X0V9Y0000*11*1~NM1*QC*1*COLEMAN*LOREN*A***MI*1005435148V000047~DTM*050*20211122~AMT*AU*79.51~SVC*HC:90834:95*120*79.51~DTM*472*20210901~CAS*CO*45*40.49~REF*6R*334642-4559~AMT*B6*79.51~LX*38~CLP*380-209*1*120*0**VA*H326X0V9Z0000*11*1~NM1*QC*1*HOY*JASON****MI*1014349522V275214~DTM*050*20211122~SVC*HC:90834:95*120*0~DTM*472*20210411~CAS*CO*29*120~REF*6R*140380-209~LX*39~CLP*742-2112*1*120*0**VA*H326X0V900000*11*1~NM1*QC*1*ELVENIA*HENRY****MI*1018760076V111339~DTM*050*20211122~SVC*HC:90834:95*120*0~DTM*472*20210618~CAS*CO*288*120~REF*6R*726742-2112~LQ*HE*N489~LX*40~CLP*742-2299*1*150*0**VA*H326X0V950000*11*1~NM1*QC*1*ELVENIA*HENRY****MI*1018760076V111339~DTM*050*20211122~SVC*HC:90837:95*150*0~DTM*472*20210625~CAS*CO*288*150~REF*6R*727742-2299~LQ*HE*N489~LX*41~CLP*742-2535*1*150*0**VA*H326X0V960000*11*1~NM1*QC*1*ELVENIA*HENRY****MI*1018760076V111339~DTM*050*20211122~SVC*HC:90837:95*150*0~DTM*472*20210702~CAS*CO*288*150~REF*6R*728742-2535~LQ*HE*N489~LX*42~CLP*742-2681*1*150*0**VA*H326X0V970000*11*1~NM1*QC*1*ELVENIA*HENRY****MI*1018760076V111339~DTM*050*20211122~SVC*HC:90837:95*150*0~DTM*472*20210708~CAS*CO*288*150~REF*6R*729742-2681~LQ*HE*N489~LX*43~CLP*703-3110*1*150*0**VA*H326X0XJC0000*11*1~NM1*QC*1*SAWICKI*EDWARD****MI*587722154~DTM*050*20211122~SVC*HC:90837:95*150*0~DTM*472*20210723~CAS*CO*288*150~REF*6R*384703-3110~LQ*HE*N489~LX*44~CLP*703-3494*1*120*0**VA*H326X0XJD0000*11*1~NM1*QC*1*SAWICKI*EDWARD****MI*587722154~DTM*050*20211122~SVC*HC:90834:95*120*0~DTM*472*20210802~CAS*CO*288*120~REF*6R*385703-3494~LQ*HE*N489~LX*45~CLP*703-3681*1*180*0**VA*H326X0XJF0000*11*1~NM1*QC*1*SAWICKI*EDWARD****MI*587722154~DTM*050*20211122~SVC*HC:90791:95*180*0~DTM*472*20210809~CAS*CO*288*180~REF*6R*386703-3681~LQ*HE*N489~LX*46~CLP*703-3839*1*150*0**VA*H326X0XJG0000*11*1~NM1*QC*1*SAWICKI*EDWARD****MI*587722154~DTM*050*20211122~SVC*HC:90837:95*150*0~DTM*472*20210816~CAS*CO*288*150~REF*6R*387703-3839~LQ*HE*N489~LX*47~CLP*703-4007*1*120*0**VA*H326X0XJH0000*11*1~NM1*QC*1*SAWICKI*EDWARD****MI*587722154~DTM*050*20211122~SVC*HC:90846:95*120*0~DTM*472*20210823~CAS*CO*288*120~REF*6R*388703-4007~LQ*HE*N489~LX*48~CLP*703-4281*1*150*0**VA*H326X0XJJ0000*11*1~NM1*QC*1*SAWICKI*EDWARD****MI*587722154~DTM*050*20211122~SVC*HC:90837:95*150*0~DTM*472*20210830~CAS*CO*288*150~REF*6R*390703-4281~LQ*HE*N489~LX*49~CLP*703-1728*1*220*0**VA*H326X0XJK0000*11*1~NM1*QC*1*SAWICKI*EDWARD****MI*587722154~DTM*050*20211122~SVC*HC:90792:95*220*0~DTM*472*20210529~CAS*CO*288*220~REF*6R*391703-1728~LQ*HE*N489~LX*50~CLP*703-2360*1*120*0**VA*H326X0XJL0000*11*1~NM1*QC*1*SAWICKI*EDWARD****MI*587722154~DTM*050*20211122~SVC*HC:90834:95*120*0~DTM*472*20210628~CAS*CO*288*120~REF*6R*392703-2360~LQ*HE*N489~LX*51~CLP*703-2607*1*120*0**VA*H326X0XJM0000*11*1~NM1*QC*1*SAWICKI*EDWARD****MI*587722154~DTM*050*20211122~SVC*HC:90834:95*120*0~DTM*472*20210705~CAS*CO*288*120~REF*6R*393703-2607~LQ*HE*N489~LX*52~CLP*703-2850*1*120*0**VA*H326X0XJN0000*11*1~NM1*QC*1*SAWICKI*EDWARD****MI*587722154~DTM*050*20211122~SVC*HC:90847:95*120*0~DTM*472*20210712~CAS*CO*288*120~REF*6R*394703-2850~LQ*HE*N489~LX*53~CLP*703-2885*1*180*0**VA*H326X0XJ80000*11*1~NM1*QC*1*SAWICKI*EDWARD****MI*587722154~DTM*050*20211122~SVC*HC:90791:95*180*0~DTM*472*20210712~CAS*CO*288*180~REF*6R*380703-2885~LQ*HE*N489~LX*54~CLP*703-3007*1*120*0**VA*H326X0XJ90000*11*1~NM1*QC*1*SAWICKI*EDWARD****MI*587722154~DTM*050*20211122~SVC*HC:90847:95*120*0~DTM*472*20210719~CAS*CO*288*120~REF*6R*381703-3007~LQ*HE*N489~LX*55~CLP*591-2838*1*120*0**VA*H326X0X9B0000*11*1~NM1*QC*1*READ*HOLLIS****MI*634460299~DTM*050*20211122~SVC*HC:90834:95*120*0~DTM*472*20210630~CAS*CO*288*120~REF*6R*439591-2838~LQ*HE*N489~LX*56~CLP*591-2840*1*120*0**VA*H326X0X9C0000*11*1~NM1*QC*1*READ*HOLLIS****MI*634460299~DTM*050*20211122~SVC*HC:90834:95*120*0~DTM*472*20210707~CAS*CO*288*120~REF*6R*440591-2840~LQ*HE*N489~LX*57~CLP*591-2925*1*120*0**VA*H326X0X9D0000*11*1~NM1*QC*1*READ*HOLLIS****MI*634460299~DTM*050*20211122~SVC*HC:90834:95*120*0~DTM*472*20210714~CAS*CO*288*120~REF*6R*441591-2925~LQ*HE*N489~LX*58~CLP*591-3068*1*120*0**VA*H326X0X9F0000*11*1~NM1*QC*1*READ*HOLLIS****MI*634460299~DTM*050*20211122~SVC*HC:90834:95*120*0~DTM*472*20210721~CAS*CO*288*120~REF*6R*442591-3068~LQ*HE*N489~LX*59~CLP*591-3271*1*120*0**VA*H326X0X9G0000*11*1~NM1*QC*1*READ*HOLLIS****MI*634460299~DTM*050*20211122~SVC*HC:90834:95*120*0~DTM*472*20210728~CAS*CO*288*120~REF*6R*443591-3271~LQ*HE*N489~LX*60~CLP*591-3546*1*120*0**VA*H326X0X9H0000*11*1~NM1*QC*1*READ*HOLLIS****MI*634460299~DTM*050*20211122~SVC*HC:90834:95*120*0~DTM*472*20210802~CAS*CO*288*120~REF*6R*444591-3546~LQ*HE*N489~LX*61~CLP*591-4069*1*150*0**VA*H326X0X9J0000*11*1~NM1*QC*1*READ*HOLLIS****MI*634460299~DTM*050*20211122~SVC*HC:90837:95*150*0~DTM*472*20210819~CAS*CO*288*150~REF*6R*445591-4069~LQ*HE*N489~LX*62~CLP*591-4108*1*150*0**VA*H326X0X9K0000*11*1~NM1*QC*1*READ*HOLLIS****MI*634460299~DTM*050*20211122~SVC*HC:90837:95*150*0~DTM*472*20210825~CAS*CO*288*150~REF*6R*446591-4108~LQ*HE*N489~LX*63~CLP*591-274*1*90*0**VA*H326X0X9L0000*11*1~NM1*QC*1*READ*HOLLIS****MI*634460299~DTM*050*20211122~SVC*HC:90832:95*90*0~DTM*472*20210412~CAS*CO*29*90~REF*6R*448591-274~LX*64~CLP*735-2679*1*120*0**VA*H326X0X9P0000*11*1~NM1*QC*1*ROGERS*ZACHARY****MI*1016063346V241929~DTM*050*20211122~SVC*HC:90834:95*120*0~DTM*472*20210708~CAS*CO*288*120~REF*6R*792735-2679~LQ*HE*N489~LX*65~CLP*735-3028*1*120*0**VA*H326X0X9Q0000*11*1~NM1*QC*1*ROGERS*ZACHARY****MI*1016063346V241929~DTM*050*20211122~SVC*HC:90834:95*120*0~DTM*472*20210715~CAS*CO*288*120~REF*6R*794735-3028~LQ*HE*N489~LX*66~CLP*735-3175*1*120*0**VA*H326X0X9R0000*11*1~NM1*QC*1*ROGERS*ZACHARY****MI*1016063346V241929~DTM*050*20211122~SVC*HC:90834:95*120*0~DTM*472*20210722~CAS*CO*288*120~REF*6R*796735-3175~LQ*HE*N489~LX*67~CLP*735-3557*1*120*0**VA*H326X0X9S0000*11*1~NM1*QC*1*ROGERS*ZACHARY****MI*1016063346V241929~DTM*050*20211122~SVC*HC:90834:95*120*0~DTM*472*20210729~CAS*CO*288*120~REF*6R*798735-3557~LQ*HE*N489~LX*68~CLP*735-4067*1*150*0**VA*H326X0X9T0000*11*1~NM1*QC*1*ROGERS*ZACHARY****MI*1016063346V241929~DTM*050*20211122~SVC*HC:90837:95*150*0~DTM*472*20210819~CAS*CO*288*150~REF*6R*800735-4067~LQ*HE*N489~LX*69~CLP*591-2236*1*120*0**VA*H326X0X990000*11*1~NM1*QC*1*READ*HOLLIS****MI*634460299~DTM*050*20211122~SVC*HC:90834:95*120*0~DTM*472*20210623~CAS*CO*288*120~REF*6R*437591-2236~LQ*HE*N489~LX*70~CLP*666-2705*1*180*138.74**VA*H326X0ZYL0000*11*1~NM1*QC*1*VEGA*IVAN*L***MI*1015907203V018964~DTM*050*20211122~AMT*AU*138.74~SVC*HC:90791:95*180*138.74~DTM*472*20210709~CAS*CO*45*41.26~REF*6R*475666-2705~AMT*B6*138.74~LX*71~CLP*733-2678*1*120*79.51**VA*H326X0ZYP0000*11*1~NM1*QC*1*VALENCIA*DEISY****MI*1019069491V594555~DTM*050*20211122~AMT*AU*79.51~SVC*HC:90834:95*120*79.51~DTM*472*20210708~CAS*CO*45*40.49~REF*6R*430733-2678~AMT*B6*79.51~LX*72~CLP*404-2063*1*120*0**VA*H326X10C20000*11*1~NM1*QC*1*WHITE*GEORGE*G***MI*1004043552V466555~DTM*050*20211122~SVC*HC:90834:95*120*0~DTM*472*20210518~CAS*CO*29*120~REF*6R*783404-2063~LX*73~CLP*404-3185*1*120*0**VA*H326X10C40000*11*1~NM1*QC*1*WHITE*GEORGE*G***MI*1004043552V466555~DTM*050*20211122~SVC*HC:90834:95*120*0~DTM*472*20210706~CAS*CO*288*120~REF*6R*787404-3185~LQ*HE*N489~LX*74~CLP*404-3187*1*120*0**VA*H326X10C50000*11*1~NM1*QC*1*WHITE*GEORGE*G***MI*1004043552V466555~DTM*050*20211122~SVC*HC:90834:95*120*0~DTM*472*20210713~CAS*CO*288*120~REF*6R*788404-3187~LQ*HE*N489~LX*75~CLP*404-3189*1*120*0**VA*H326X10C60000*11*1~NM1*QC*1*WHITE*GEORGE*G***MI*1004043552V466555~DTM*050*20211122~SVC*HC:90834:95*120*0~DTM*472*20210720~CAS*CO*288*120~REF*6R*789404-3189~LQ*HE*N489~LX*76~CLP*404-4259*1*120*0**VA*H326X10C70000*11*1~NM1*QC*1*WHITE*GEORGE*G***MI*1004043552V466555~DTM*050*20211122~SVC*HC:90834:95*120*0~DTM*472*20210817~CAS*CO*288*120~REF*6R*791404-4259~LQ*HE*N489~LX*77~CLP*404-4261*1*120*0**VA*H326X10C80000*11*1~NM1*QC*1*WHITE*GEORGE*G***MI*1004043552V466555~DTM*050*20211122~SVC*HC:90834:95*120*0~DTM*472*20210824~CAS*CO*288*120~REF*6R*792404-4261~LQ*HE*N489~SE*715*0005~GE*5*896141490~IEA*1*896141490~