ISA*00*          *00*          *ZZ*330897513      *ZZ*MEDBOSSC       *210708*0243*^*00501*849579568*0*P*:~GS*HP*330897513*MEDBOSSC*20210708*0243*849579568*X*005010X221A1~ST*835*0001~BPR*I*636.28*C*ACH*CCP*01*121301015*DA*01076140*1990040115**01*321370765*DA*8102075433*20210708~TRN*1*1980249*1990040115~REF*F2*5.40~DTM*405*20210705~N1*PR*HAWAII MEDICAL SERVICE ASSOCIATION~N3*818 KEEAUMOKU ST~N4*HONOLULU*HI*96814~PER*BL*ETS*TE*8089486355~N1*PE*SERENITY COUNSELING SERVICES HAWAII LLC*XX*1588011043~REF*TJ*812344400~LX*1~CLP*609-471*1*180*0**MC*21183E001516*02~NM1*QC*1*ASHLEY*LISA****MI*0000016963~NM1*74*1***R~NM1*82*2*LINARES*****XX*1699008045~DTM*232*20210418~DTM*233*20210418~DTM*050*20210701~SVC*HC:90791:95*180*0~CAS*OA*18*180~REF*6R*987609-471~LQ*HE*N522~CLP*609-696*1*120*0**MC*21183E001685*02~NM1*QC*1*ASHLEY*LISA****MI*0000016963~NM1*74*1***R~NM1*82*2*LINARES*****XX*1699008045~DTM*232*20210425~DTM*233*20210425~DTM*050*20210701~SVC*HC:90834:95*120*0~CAS*OA*18*120~REF*6R*001609-696~LQ*HE*N522~CLP*573-207*1*120*0*120*MC*21183E001531*02~NM1*QC*1*FARRIS*LINDSEY****MI*0002445984~NM1*82*2*LINARES*****XX*1699008045~DTM*232*20210411~DTM*233*20210411~DTM*036*20210331~DTM*050*20210701~SVC*HC:90834:95*120*0~CAS*PR*31*120~REF*6R*972573-207~CLP*928453002*4*120*0**MC*21176E000198*11~NM1*QC*1*KAHAPEA*JONAH****MI*0002624332~NM1*74*1*UNRECOGNIZED*MEMBER NUMBER****C*8888888888~NM1*82*2*FERREIRA*****XX*1811143126~DTM*232*20210318~DTM*233*20210318~DTM*050*20210624~SVC*HC:90834:95*120*0~CAS*CO*140*120~REF*6R*928857787~CLP*928599784*1*175*0**MC*21181E000379*11~NM1*QC*1*PIERIS*SENECA****MI*0000595311~NM1*82*2*MATSUMOTO*****XX*1427398312~NM1*PR*2*OTHER (98)*****PI*QCR0000000238~DTM*232*20210530~DTM*233*20210530~DTM*050*20210629~SVC*HC:90837:95*175*0~CAS*CO*252*175~REF*6R*9281110640~LQ*HE*N4~CLP*928599769*1*175*0**MC*21182E000152*11~NM1*QC*1*PIERIS*SENECA****MI*0000595311~NM1*82*2*MATSUMOTO*****XX*1427398312~NM1*PR*2*OTHER (98)*****PI*QCR0000000238~DTM*232*20210523~DTM*233*20210523~DTM*050*20210630~SVC*HC:90837:95*175*0~CAS*CO*252*175~REF*6R*9281110625~LQ*HE*N4~CLP*640-2330*1*120*68.38**MC*21183E001698*02~NM1*QC*1*DIGIOVANNI*JOURNIE****MI*0002595228~NM1*74*1***C~NM1*82*2*LINARES*****XX*1699008045~DTM*232*20210627~DTM*233*20210627~DTM*050*20210701~AMT*AU*68.38~SVC*HC:90834:95*120*68.38~CAS*CO*45*51.62~REF*6R*096640-2330~AMT*B6*68.38~CLP*725-1932*1*150*107.58**MC*21183E001745*02~NM1*QC*1*STEWART*STACEY****MI*0002147386~NM1*74*1***R~NM1*82*2*PLAYTER*****XX*1013394097~DTM*232*20210608~DTM*233*20210608~DTM*050*20210701~AMT*AU*107.58~SVC*HC:90837:95*150*107.58~CAS*CO*45*42.42~REF*6R*036725-1932~AMT*B6*107.58~CLP*562-446*1*120*0**MC*21183E001747*02~NM1*QC*1*BAGANO*TRAVIS****MI*0002634626~NM1*82*2*LINARES*****XX*1699008045~DTM*232*20210416~DTM*233*20210416~DTM*050*20210701~SVC*HC:90834:95*120*0~CAS*OA*18*120~REF*6R*984562-446~LQ*HE*N522~CLP*640-1854*1*120*68.38**MC*21183E001762*02~NM1*QC*1*DIGIOVANNI*JOURNIE****MI*0002595228~NM1*74*1***C~NM1*82*2*LINARES*****XX*1699008045~DTM*232*20210606~DTM*233*20210606~DTM*050*20210701~AMT*AU*68.38~SVC*HC:90834:95*120*68.38~CAS*CO*45*51.62~REF*6R*078640-1854~AMT*B6*68.38~CLP*640-1758*1*120*68.38**MC*21183E001771*02~NM1*QC*1*DIGIOVANNI*JOURNIE****MI*0002595228~NM1*74*1***C~NM1*82*2*LINARES*****XX*1699008045~DTM*232*20210530~DTM*233*20210530~DTM*050*20210701~AMT*AU*68.38~SVC*HC:90834:95*120*68.38~CAS*CO*45*51.62~REF*6R*853640-1758~AMT*B6*68.38~CLP*640-726*1*180*0**MC*21183E001834*02~NM1*QC*1*DIGIOVANNI*JOURNIE****MI*0002595228~NM1*74*1***C~NM1*82*2*LINARES*****XX*1699008045~DTM*232*20210425~DTM*233*20210425~DTM*050*20210701~SVC*HC:90791:95*180*0~CAS*OA*18*180~REF*6R*004640-726~LQ*HE*N522~CLP*640-2159*1*120*68.38**MC*21183E001885*11~NM1*QC*1*DIGIOVANNI*JOURNIE****MI*0002595228~NM1*74*1***C~NM1*82*2*LINARES*****XX*1699008045~DTM*232*20210620~DTM*233*20210620~DTM*050*20210701~AMT*AU*68.38~SVC*HC:90834*120*68.38~CAS*CO*45*51.62~REF*6R*089640-2159~AMT*B6*68.38~CLP*640-1991*1*120*68.38**MC*21183E002035*02~NM1*QC*1*DIGIOVANNI*JOURNIE****MI*0002595228~NM1*74*1***C~NM1*82*2*LINARES*****XX*1699008045~DTM*232*20210613~DTM*233*20210613~DTM*050*20210701~AMT*AU*68.38~SVC*HC:90834:95*120*68.38~CAS*CO*45*51.62~REF*6R*085640-1991~AMT*B6*68.38~CLP*725-2197*1*150*107.58**MC*21183E002046*02~NM1*QC*1*STEWART*STACEY****MI*0002147386~NM1*74*1***R~NM1*82*2*PLAYTER*****XX*1013394097~DTM*232*20210622~DTM*233*20210622~DTM*050*20210701~AMT*AU*107.58~SVC*HC:90837:95*150*107.58~CAS*CO*45*42.42~REF*6R*061725-2197~AMT*B6*107.58~CLP*928385450*1*120*0**MC*21186E000227*11~NM1*QC*1*FARRIS*LINDSEY****MI*0002445984~NM1*82*2*LINARES*****XX*1699008045~DTM*232*20210213~DTM*233*20210213~DTM*050*20210704~SVC*HC:90834*120*0~CAS*OA*18*120~REF*6R*928741678~LQ*HE*N522~CLP*928152996*1*150*79.22**MC*21186E000516*11~NM1*QC*1*FARRIS*LINDSEY****MI*0002445984~NM1*82*2*LINARES*****XX*1699008045~DTM*232*20201108~DTM*233*20201108~DTM*050*20210704~AMT*AU*79.22~SVC*HC:90847:95*150*79.22~CAS*CO*45*70.78~REF*6R*928293789~AMT*B6*79.22~CLP*580-460*1*120*0**MC*21186E001860*02~NM1*QC*1*BLACKBURN*CHERILYN****MI*0002311711~NM1*74*1***M~NM1*82*2*LINARES*****XX*1699008045~DTM*232*20210417~DTM*233*20210417~DTM*050*20210705~SVC*HC:90834:95*120*0~CAS*OA*18*120~REF*6R*759580-460~LQ*HE*N522~CLP*580-203*1*120*0**MC*21186E001976*02~NM1*QC*1*BLACKBURN*CHERILYN****MI*0002311711~NM1*74*1***M~NM1*82*2*LINARES*****XX*1699008045~DTM*232*20210410~DTM*233*20210410~DTM*050*20210705~SVC*HC:90834:95*120*0~CAS*OA*18*120~REF*6R*758580-203~LQ*HE*N522~CLP*580-686*1*120*0**MC*21186E002445*02~NM1*QC*1*BLACKBURN*CHERILYN****MI*0002311711~NM1*74*1***M~NM1*82*2*LINARES*****XX*1699008045~DTM*232*20210424~DTM*233*20210424~DTM*050*20210705~SVC*HC:90834:95*120*0~CAS*OA*18*120~REF*6R*761580-686~LQ*HE*N522~SE*236*0001~GE*1*849579568~IEA*1*849579568~