ISA*00*          *00*          *ZZ*330897513      *ZZ*MEDBOSSC       *210901*0819*^*00501*867227605*0*P*:~GS*HP*330897513*MEDBOSSC*20210901*0819*867227605*X*005010X221A1~ST*835*0001~BPR*I*111*C*ACH*CCP*01*121301028*DA*0006883451*1990309519**01*321370765*DA*8102075433*20210804~TRN*1*30241602*1990309519~DTM*405*20210802~N1*PR*ALOHACARE~N3*1357 KAPIOLANI BLVD*SUITE 1250~N4*HONOLULU*HI*96814~REF*2U*MEDICAID752777124~PER*BL*ALOHACARE EDI*TE*8089731650*EM*EDI@ALOHACARE.ORG~N1*PE*SERENITY COUNSELING SERVICES HAWAII*XX*1588011043~N3*99-149 MOANALUA RD RM 201~N4*AIEA*HI*96701~REF*TJ*812344400~LX*1~CLP*705-3237*1*180*111**MC*2121193139*02*1~NM1*QC*1*TURNBOW*LUCKY*B***MI*0002449003~NM1*82*1*PLAYTER*AILEEN*T***XX*1013394097~DTM*232*20210726~DTM*233*20210726~AMT*AU*111~SVC*HC:90791:95*180*111~DTM*472*20210726~CAS*CO*45*69~REF*6R*581705-3237~AMT*B6*111~SE*26*0001~GE*1*867227605~IEA*1*867227605~