ISA*00*          *00*          *ZZ*330897513      *ZZ*MEDBOSSC       *210708*0242*^*00501*849579388*0*P*:~GS*HP*330897513*MEDBOSSC*20210708*0242*849579388*X*005010X221A1~ST*835*0001~BPR*I*298.72*C*ACH*CCP*01*121301015*DA*01-015559*1990040115**01*321370765*DA*81020-75433*20210712~TRN*1*4170831*1990040115~N1*PR*HAWAII MEDICAL SERVICE ASSOCIATION~N3*P.O. BOX 1346~N4*HONOLULU*HI*96807~PER*BL*ETS*TE*8089486355~N1*PE*SERENITY COUNSELING SERVICES HAWAII*XX*1588011043~N3*10641 WINDSMOUNT CT~N4*LEHIGH ACRES*FL*33936~REF*TJ*812344400~LX*1~CLP*559-1750*1*120*74.68*30*12*F11183617929~NM1*QC*1*THOMAS*SARAH****MI*R60652621~NM1*IL*1*THOMAS*SARAH*E***MI*R60652621~NM1*82*1*LINARES*DAVID****XX*1699008045~DTM*232*20210530~AMT*AU*120~SVC*HC:90834:95*120*74.68~CAS*CO*45*15.32~CAS*PR*3*30~REF*6R*847559-1750~AMT*B6*104.68~CLP*559-2389*1*120*74.68*30*12*F11183617983~NM1*QC*1*THOMAS*SARAH****MI*R60652621~NM1*IL*1*THOMAS*SARAH*E***MI*R60652621~NM1*82*1*LINARES*DAVID****XX*1699008045~DTM*232*20210629~AMT*AU*120~SVC*HC:90834:95*120*74.68~CAS*CO*45*15.32~CAS*PR*3*30~REF*6R*102559-2389~AMT*B6*104.68~CLP*559-1846*1*120*74.68*30*12*F11183618425~NM1*QC*1*THOMAS*SARAH****MI*R60652621~NM1*IL*1*THOMAS*SARAH*E***MI*R60652621~NM1*82*1*LINARES*DAVID****XX*1699008045~DTM*232*20210606~AMT*AU*120~SVC*HC:90834:95*120*74.68~CAS*CO*45*15.32~CAS*PR*3*30~REF*6R*074559-1846~AMT*B6*104.68~CLP*559-2139*1*120*74.68*30*12*F11183618426~NM1*QC*1*THOMAS*SARAH****MI*R60652621~NM1*IL*1*THOMAS*SARAH*E***MI*R60652621~NM1*82*1*LINARES*DAVID****XX*1699008045~DTM*232*20210619~AMT*AU*120~SVC*HC:90834*120*74.68~CAS*CO*45*15.32~CAS*PR*3*30~REF*6R*087559-2139~AMT*B6*104.68~SE*57*0001~GE*1*849579388~IEA*1*849579388~