ISA*00*          *00*          *ZZ*330897513      *ZZ*MEDBOSSC       *210923*0258*^*00501*874554635*0*P*:~GS*HP*330897513*MEDBOSSC*20210923*0258*874554635*X*005010X221A1~ST*835*0001~BPR*H*0*C*NON************20210927~TRN*1*8039131*1990040115~N1*PR*HAWAII MEDICAL SERVICE ASSOCIATION~N3*P.O. BOX 1346~N4*HONOLULU*HI*96807~PER*BL*ETS*TE*8089486355~N1*PE*SERENITY COUNSELING SERVICES HAWAII*XX*1588011043~N3*10641 WINDSMOUNT CT~N4*LEHIGH ACRES*FL*33936~REF*TJ*812344400~LX*1~CLP*559-133*1*120*0**12*F11263226928~NM1*QC*1*THOMAS*SARAH*E***MI*R60652621~NM1*IL*1*THOMAS*SARAH*E***MI*R60652621~NM1*82*1*LINARES*DAVID****XX*1699008045~DTM*232*20210406~AMT*AU*120~SVC*HC:90834:95*120*0~CAS*OA*18*120~REF*6R*767559-133~AMT*B6*104.68~LQ*HE*N522~SE*24*0001~ST*835*0002~BPR*I*136.76*C*ACH*CCP*01*121301015*DA*01076140*1990040115**01*321370765*DA*8102075433*20210923~TRN*1*1999842*1990040115~REF*F2*5.40~DTM*405*20210920~N1*PR*HAWAII MEDICAL SERVICE ASSOCIATION~N3*818 KEEAUMOKU ST~N4*HONOLULU*HI*96814~PER*BL*ETS*TE*8089486355~N1*PE*SERENITY COUNSELING SERVICES HAWAII LLC*XX*1588011043~REF*TJ*812344400~LX*1~CLP*524-4785*1*120*68.38**MC*21263E004791*02~NM1*QC*1*SHARP*LEIGHANNE****MI*0000376591~NM1*74*1***C~NM1*82*2*FERREIRA*****XX*1811143126~DTM*232*20210901~DTM*233*20210901~DTM*050*20210919~AMT*AU*68.38~SVC*HC:90834:95*120*68.38~CAS*CO*45*51.62~REF*6R*079524-4785~AMT*B6*68.38~CLP*562-187*1*180*0**MC*21263E006296*02~NM1*QC*1*BAGANO*TRAVIS****MI*0002634626~NM1*82*2*LINARES*****XX*1699008045~DTM*232*20210409~DTM*233*20210409~DTM*050*20210919~SVC*HC:90791:95*180*0~CAS*OA*18*180~REF*6R*766562-187~LQ*HE*N522~CLP*524-4788*1*120*68.38**MC*21263E006913*02~NM1*QC*1*SHARP*LEIGHANNE****MI*0000376591~NM1*74*1***C~NM1*82*2*FERREIRA*****XX*1811143126~DTM*232*20210908~DTM*233*20210908~DTM*050*20210919~AMT*AU*68.38~SVC*HC:90834:95*120*68.38~CAS*CO*45*51.62~REF*6R*080524-4788~AMT*B6*68.38~SE*47*0002~GE*2*874554635~IEA*1*874554635~