ISA*00*          *00*          *ZZ*330897513      *ZZ*MEDBOSSC       *211006*0712*^*00501*878633195*0*P*:~GS*HP*330897513*MEDBOSSC*20211006*0712*878633195*X*005010X221A1~ST*835*0001~BPR*I*289.13*C*ACH*CCP*01*043301627*DA*1082049135*1571132733*000000000*01*321370765*DA*8102075433*20211007~TRN*1*5005388274TA2*1571132733*000000000~REF*EV*7GW0013CA3~REF*F2*1588011043    R88011001021824~DTM*405*20211001~N1*PR*PGBA,LLC~N3*TRICARE WEST REGION CLAIMS*P.O. BOX 202112~N4*FLORENCE*SC*295022112~PER*CX*TRICARE WEST REGION CLAIMS CORRESPONDENCE*TE*8448669378~PER*BL*TRICARE ELECTRONIC CLAIMS SERVICE CENTER*TE*8003255920~N1*PE*SERENITY COUNSELING SERVICES*XX*1588011043~N3*201*99-149 MOANALUA RD~N4*AIEA*HI*96701~REF*TJ*812344400~LX*1~CLP*595-4701*1*150*117.6**CH*H265X0WBB0000*11*1~NM1*QC*1*KOTICH*MICHAEL*A***HN*595-4701~NM1*82*1*PLAYTER*AILEEN*T***XX*1013394097~REF*1H*575843780~DTM*050*20210922~AMT*AU*117.6~SVC*HC:90837:95*150*117.6~DTM*472*20210907~CAS*CO*45*32.4~REF*6R*367595-4701~AMT*B6*117.6~LX*2~CLP*595-4703*1*120*69.18**CH*H265X0WBC0000*02*1~NM1*QC*1*KOTICH*MICHAEL*A***HN*595-4703~NM1*82*1*PLAYTER*AILEEN*T***XX*1013394097~REF*1H*575843780~DTM*050*20210922~AMT*AU*69.18~SVC*HC:90834:95*120*69.18~DTM*472*20210914~CAS*CO*45*50.82~REF*6R*972595-4703~AMT*B6*69.18~LX*3~CLP*595-4977*1*150*102.35**CH*H267X0Q9J0000*02*1~NM1*QC*1*KOTICH*MICHAEL*A***HN*595-4977~NM1*82*1*PLAYTER*AILEEN*T***XX*1013394097~REF*1H*575843780~DTM*050*20210924~AMT*AU*102.35~SVC*HC:90837:95*150*102.35~DTM*472*20210921~CAS*CO*45*47.65~REF*6R*810595-4977~AMT*B6*102.35~SE*52*0001~ST*835*0002~BPR*I*69.18*C*ACH*CCP*01*043301627*DA*1077670664*1571132733*000000000*01*321370765*DA*8102075433*20211007~TRN*1*5020038277TR2*1571132733*000000000~REF*EV*7GW0013CA3~REF*F2*1588011043    R88011004004140~DTM*405*20211004~N1*PR*PGBA,LLC~N3*TRICARE WEST REGION CLAIMS*P.O. BOX 202112~N4*FLORENCE*SC*295022112~PER*CX*TRICARE WEST REGION CLAIMS CORRESPONDENCE*TE*8448669378~PER*BL*TRICARE ELECTRONIC CLAIMS SERVICE CENTER*TE*8003255920~N1*PE*SERENITY COUNSELING SERVICES*XX*1588011043~N3*201*99-149 MOANALUA RD~N4*AIEA*HI*96701~REF*TJ*812344400~LX*1~CLP*551-123*1*120*69.18**CH*H274X47L10000*02*1~NM1*QC*1*SEGOVIA GUERRER*ANDREA*C***HN*551-123~NM1*IL*1*EGIZII*JOHN*E***MI*302966294~DTM*050*20211001~AMT*AU*69.18~SVC*HC:90834:95*120*69.18~DTM*472*20210405~CAS*CO*45*50.82~REF*6R*229551-123~AMT*B6*69.18~SE*27*0002~GE*2*878633195~IEA*1*878633195~