ISA*00*          *00*          *ZZ*330897513      *ZZ*MEDBOSSC       *210625*1202*^*00501*845438392*0*P*:~GS*HP*330897513*MEDBOSSC*20210625*1202*845438392*X*005010X221A1~ST*835*0001~BPR*I*85*C*ACH*CCP*01*051404260*DA*252781161*1541414194**01*321370765*DA*8102075433*20210628~TRN*1*0000512611*1541414194~N1*PR*BEACON HEALTH OPTIONS, INC.~N3*ATTN FINANCE DEPT~N4*NORFOLK*VA*23502~REF*2U*FDX~PER*BL*VALUEOPTIONS EDI HELPDESK*TE*8882479311*EM*ESUPPORTSERVICES@VALUEOPTIONS.COM~N1*PE*SERENITY COUNSELING SERVICES H*XX*1699008045~N3*10641 WINDSMONT CT~N4*LEHIGH ACRES*FL*339367268~REF*TJ*812344400~LX*1~CLP*0*1*85*85**13*06   061821 04065 00296*11~NM1*QC*1*NORMAN*TRISTON*F***MI*1074395~NM1*IL*1*NORMAN*TRISTON*F***MI*1074395~NM1*82*2*LINARES, DAVID*****XX*1699008045~REF*1W*1074395~REF*1J*E824169~SVC*HC:AEA:60*85*85~DTM*472*20210618~REF*6R*001~AMT*B6*85~SE*24*0001~ST*835*0002~BPR*I*340*C*ACH*CCP*01*051404260*DA*252781161*1541414194**01*321370765*DA*8102075433*20210628~TRN*1*0000513060*1541414194~N1*PR*BEACON HEALTH OPTIONS, INC.~N3*ATTN FINANCE DEPT~N4*NORFOLK*VA*23502~REF*2U*FDX~PER*BL*VALUEOPTIONS EDI HELPDESK*TE*8882479311*EM*ESUPPORTSERVICES@VALUEOPTIONS.COM~N1*PE*SERENITY COUNSELING SERVICES H*XX*1699008045~N3*10641 WINDSMONT CT~N4*LEHIGH ACRES*FL*339367268~REF*TJ*812344400~LX*1~CLP*0*1*85*85**13*06   061821 04065 00355*11~NM1*QC*1*HAGAR*CHELSEA*R***MI*1113298~NM1*IL*1*HAGAR*CHELSEA*R***MI*1113298~NM1*82*2*LINARES, DAVID*****XX*1699008045~REF*1W*1113298~REF*1J*E824169~SVC*HC:AEA:60*85*85~DTM*472*20210618~REF*6R*001~AMT*B6*85~CLP*0*1*85*85**13*06   061921 04065 00167*11~NM1*QC*1*HAGAR*CHELSEA*R***MI*1113298~NM1*IL*1*HAGAR*CHELSEA*R***MI*1113298~NM1*82*2*LINARES, DAVID*****XX*1699008045~REF*1W*1113298~REF*1J*E824169~SVC*HC:AEA:60*85*85~DTM*472*20210619~REF*6R*001~AMT*B6*85~CLP*0*1*85*85**13*06   061821 04065 00381*11~NM1*QC*1*NOZAKI*SCOTT*F***MI*1114819~NM1*IL*1*NOZAKI*SCOTT*F***MI*1114819~NM1*82*2*LINARES, DAVID*****XX*1699008045~REF*1W*1114819~REF*1J*E824169~SVC*HC:AEA:60*85*85~DTM*472*20210618~REF*6R*001~AMT*B6*85~CLP*0*1*85*85**13*06   062121 04065 00438*11~NM1*QC*1*TOVAR*JOSHUA*L***MI*259492~NM1*IL*1*TOVAR*JOSHUA*L***MI*259492~NM1*82*2*LINARES, DAVID*****XX*1699008045~REF*1W*259492~REF*1J*E824169~SVC*HC:AEA:60*85*85~DTM*472*20210621~REF*6R*001~AMT*B6*85~SE*54*0002~ST*835*0003~BPR*I*425*C*ACH*CCP*01*051404260*DA*252781161*1541414194**01*321370765*DA*8102075433*20210628~TRN*1*0000513456*1541414194~N1*PR*BEACON HEALTH OPTIONS, INC.~N3*ATTN FINANCE DEPT~N4*NORFOLK*VA*23502~REF*2U*FDX~PER*BL*VALUEOPTIONS EDI HELPDESK*TE*8882479311*EM*ESUPPORTSERVICES@VALUEOPTIONS.COM~N1*PE*SERENITY COUNSELING SERVICES H*XX*1699008045~N3*10641 WINDSMONT CT~N4*LEHIGH ACRES*FL*339367268~REF*TJ*812344400~LX*1~CLP*0*1*85*85**13*06   062021 04065 00093*11~NM1*QC*1*MATERIALE*KATELYN*N***MI*1124663~NM1*IL*1*MATERIALE*KATELYN*N***MI*1124663~NM1*82*2*LINARES, DAVID*****XX*1699008045~REF*1W*1124663~REF*1J*E824169~SVC*HC:AEA:60*85*85~DTM*472*20210620~REF*6R*001~AMT*B6*85~CLP*0*1*85*85**13*06   062121 04065 00418*11~NM1*QC*1*MCKENZIE*PIERCE****MI*1111085~NM1*IL*1*MCKENZIE*PIERCE****MI*1111085~NM1*82*2*LINARES, DAVID*****XX*1699008045~REF*1W*1111085~REF*1J*E824169~SVC*HC:AEA:60*85*85~DTM*472*20210621~REF*6R*001~AMT*B6*85~CLP*0*1*85*85**13*06   062121 04065 00411*11~NM1*QC*1*PEGRAM*CASEY*E***MI*1077485~NM1*IL*1*PEGRAM*CASEY*E***MI*1077485~NM1*82*2*LINARES, DAVID*****XX*1699008045~REF*1W*1077485~REF*1J*E824169~SVC*HC:AEA:60*85*85~DTM*472*20210620~REF*6R*001~AMT*B6*85~CLP*0*4*60*0**13*06   062221 04065 00123*11~NM1*QC*1*PEGRAM*CASEY*E***MI*1077485~NM1*IL*1*PEGRAM*CASEY*E***MI*1077485~NM1*82*2*LINARES, DAVID*****XX*1699008045~REF*1W*1077485~REF*1J*E824169~SVC*HC:AEA:60*60*0~DTM*472*20210620~CAS*CO*16*60~REF*6R*001~LQ*HE*N54~CLP*0*1*85*85**13*06   061821 04065 00293*11~NM1*QC*1*POLLOCK*MICHELLE*I***MI*405883~NM1*IL*1*POLLOCK*MICHELLE*I***MI*405883~NM1*82*2*LINARES, DAVID*****XX*1699008045~REF*1W*405883~REF*1J*E824169~SVC*HC:AEA:60*85*85~DTM*472*20210618~REF*6R*001~AMT*B6*85~CLP*0*1*85*85**13*06   062021 04065 00101*11~NM1*QC*1*WALKER*TIMOTHEY*R***MI*1091678~NM1*IL*1*WALKER*TIMOTHEY*R***MI*1091678~NM1*82*2*LINARES, DAVID*****XX*1699008045~REF*1W*1091678~REF*1J*E824169~SVC*HC:AEA:60*85*85~DTM*472*20210620~REF*6R*001~AMT*B6*85~SE*75*0003~GE*3*845438392~IEA*1*845438392~