ISA*00*          *00*          *ZZ*330897513      *ZZ*MEDBOSSC       *211026*0255*^*00501*885635855*0*P*:~GS*HP*330897513*MEDBOSSC*20211026*0255*885635855*X*005010X221A1~ST*835*0001~BPR*I*1762.87*C*ACH*CCP*01*121301015*DA*48070310*1990040115**01*321370765*DA*81020-75433*20211026~TRN*1*1676510*1990040115~REF*F2*5.40~DTM*405*20211021~N1*PR*HAWAII MEDICAL SERVICE ASSOCIATION~N3*818 KEEAUMOKU ST~N4*HONOLULU*HI*96814~PER*BL*ETS*TE*8089486355~N1*PE*SERENITY COUNSELING SERVIC*XX*1588011043~REF*TJ*812344400~LX*1~CLP*942-3656*2*120*19.71**HM*2129100003355*02~NM1*QC*1*SHOOK*KEOLAMAI****MI*R000080089287~NM1*IL*1*JODI-LYNN*KEOLAMAI****MI*R000080089287~NM1*74*1*SHOOK*JODILYNN*N~NM1*82*1*LINARES*DAVID****XX*1699008045~REF*CE*XA~DTM*232*20210807~DTM*233*20210807~DTM*050*20211018~AMT*AU*104.68~SVC*HC:90834:95*120*19.71~CAS*OA*23*105**94*-4.71~REF*6R*300942-3656~AMT*B6*104.68~CLP*942-3458*2*180*21.12**HM*2129100004584*02~NM1*QC*1*SHOOK*KEOLAMAI****MI*R000080089287~NM1*IL*1*JODI-LYNN*KEOLAMAI****MI*R000080089287~NM1*74*1*SHOOK*JODILYNN*N~NM1*82*1*LINARES*DAVID****XX*1699008045~REF*CE*XA~DTM*232*20210731~DTM*233*20210731~DTM*050*20211018~AMT*AU*135.92~SVC*HC:90791:95*180*21.12~CAS*OA*23*165**94*-6.12~REF*6R*299942-3458~AMT*B6*135.92~CLP*942-5556*1*120*84.68*20*HM*21292E0003203*02~NM1*QC*1*SHOOK*KEOLAMAI****MI*R000083516575~NM1*IL*1*SHOOK*KEOLAMAI****MI*R000083516575~NM1*74*1**JODILYNN*N***C*R000080089287~NM1*82*1*LINARES*DAVID****XX*1699008045~REF*CE*XA~DTM*232*20211016~DTM*233*20211016~DTM*050*20211018~AMT*AU*104.68~SVC*HC:90834:95*120*84.68~CAS*PR*3*20~CAS*CO*45*15.32~REF*6R*165942-5556~AMT*B6*104.68~CLP*2040-5533*1*120*84.68*20*HM*21293E0004234*02~NM1*QC*1*ROMBAWA*ROSANNA****MI*XLHR000082613373~NM1*IL*1*ROMBAWA*KAAIKANE****MI*XLHR000082613373~NM1*74*1*PRIETO*ROSANNA****C*R000082613373~NM1*82*1*LINARES*DAVID****XX*1699008045~REF*CE*XS~DTM*232*20211015~DTM*233*20211015~DTM*050*20211019~AMT*AU*104.68~SVC*HC:90834:95*120*84.68~CAS*PR*3*20~CAS*CO*45*15.32~REF*6R*1072040-5533~AMT*B6*104.68~CLP*2046-4981*2*180*0**12*2129100004466*02~NM1*QC*1*BORNIOS-ELIZAGA*RACHELLE****MI*R000084348135~NM1*IL*1*BORNIOS-ELIZAGA*RACHELLE****MI*R000084348135~NM1*74*1*ELIZAGA*ANTHONY*C***C*R000027533587~NM1*82*1*MATSUMOTO*NATALIA*A***XX*1427398312~REF*CE*837~DTM*232*20210904~DTM*233*20210904~DTM*050*20211018~AMT*AU*129.8~SVC*HC:90791:95*180*0~CAS*OA*23*180~REF*6R*2952046-4981~AMT*B6*129.8~CLP*2061-5573*1*120*84.97*15*12*21292E0003666*02~NM1*QC*1*JONES*YOENEKE****MI*XLRR000083766485~NM1*IL*1*JONES*JAMES*P***MI*XLRR000083766485~NM1*74*1******C*R000083766485~NM1*82*1*LINARES*DAVID****XX*1699008045~REF*CE*724~DTM*232*20211016~DTM*233*20211016~DTM*050*20211018~AMT*AU*99.97~SVC*HC:90834:95*120*84.97~CAS*PR*3*15~CAS*CO*45*20.03~REF*6R*9412061-5573~AMT*B6*99.97~CLP*751-4132*1*120*87.97*12*12*21292E0003755*02~NM1*QC*1*DINHTAI*ONG****MI*XLPR000082575739~NM1*74*1*ONG*DINH*T***C*R000082575739~NM1*82*1*RIBEIRO*MICHELLE*R***XX*1164054391~REF*CE*762~DTM*232*20210821~DTM*233*20210821~DTM*050*20211018~AMT*AU*99.97~SVC*HC:90834:95*120*87.97~CAS*PR*3*12~CAS*CO*45*20.03~REF*6R*552751-4132~AMT*B6*99.97~CLP*751-3654*1*120*87.97*12*12*21292E0003825*02~NM1*QC*1*DINHTAI*ONG****MI*XLPR000082575739~NM1*74*1*ONG*DINH*T***C*R000082575739~NM1*82*1*RIBEIRO*MICHELLE*R***XX*1164054391~REF*CE*762~DTM*232*20210807~DTM*233*20210807~DTM*050*20211018~AMT*AU*99.97~SVC*HC:90834:95*120*87.97~CAS*PR*3*12~CAS*CO*45*20.03~REF*6R*551751-3654~AMT*B6*99.97~CLP*738-5547*1*120*87.97*12*12*21292E0004002*02~NM1*QC*1*LOPEZ*SHASTY****MI*R000084315951~NM1*82*1*WATERS*LORI*M***XX*1760854152~REF*CE*662~DTM*232*20211013~DTM*233*20211013~DTM*050*20211018~AMT*AU*99.97~SVC*HC:90834:95*120*87.97~CAS*PR*3*12~CAS*CO*45*20.03~REF*6R*162738-5547~AMT*B6*99.97~CLP*747-5545*1*120*87.97*12*12*21292E0004229*02~NM1*QC*1*KIRK*JONATHAN****MI*R000082708413~NM1*IL*1*KRIK*AARON****MI*R000082708413~NM1*74*1*STEITZ*MICHELLE*M~NM1*82*1*WATERS*LORI*M***XX*1760854152~REF*CE*828~DTM*232*20211013~DTM*233*20211013~DTM*050*20211018~AMT*AU*99.97~SVC*HC:90834:95*120*87.97~CAS*PR*3*12~CAS*CO*45*20.03~REF*6R*161747-5545~AMT*B6*99.97~CLP*398-2831*1*150*107.39**12*21293E0003492*02~NM1*QC*1*MARRIA*JULIE****MI*R000081560393~NM1*IL*1*CHRISTOPHER*CYNTHIA****MI*R000081560393~NM1*74*1***J~NM1*82*1*MATSUMOTO*NATALIA*A***XX*1427398312~REF*CE*819~DTM*232*20210711~DTM*233*20210711~DTM*050*20211019~AMT*AU*107.39~SVC*HC:90837:95*150*107.39~CAS*CO*45*42.61~REF*6R*894398-2831~AMT*B6*107.39~CLP*942-3656*2*120*0**12*21294E0005040*02~NM1*QC*1*SHOOK*KEOLAMAI****MI*R000080089287~NM1*IL*1*JODI-LYNN*KEOLAMAI****MI*R000080089287~NM1*74*1*SHOOK*KEOLAMAI IKAIKA*K***C*R000083516575~NM1*82*1*LINARES*DAVID****XX*1699008045~REF*CE*724~DTM*232*20210807~DTM*233*20210807~DTM*050*20211020~SVC*HC:90834:95*120*0~CAS*OA*18*120~REF*6R*448942-3656~LQ*HE*N522~CLP*910-3688*1*90*61.32*6.81*12*21294E0005213*02~NM1*QC*1*CHRISTOPHER*CYNTHIA****MI*R000081560393~NM1*74*1***J~NM1*82*1*PLAYTER*AILEEN*T***XX*1013394097~REF*CE*819~DTM*232*20210809~DTM*233*20210809~DTM*050*20211020~AMT*AU*68.13~SVC*HC:90832:95*90*61.32~CAS*PR*2*6.81~CAS*CO*45*21.87~REF*6R*543910-3688~AMT*B6*68.13~CLP*942-3458*2*180*0**12*21294E0005427*02~NM1*QC*1*SHOOK*KEOLAMAI****MI*R000080089287~NM1*IL*1*JODI-LYNN*KEOLAMAI****MI*R000080089287~NM1*74*1*SHOOK*KEOLAMAI IKAIKA*K***C*R000083516575~NM1*82*1*LINARES*DAVID****XX*1699008045~REF*CE*724~DTM*232*20210731~DTM*233*20210731~DTM*050*20211020~SVC*HC:90791:95*180*0~CAS*OA*18*180~REF*6R*447942-3458~LQ*HE*N522~CLP*890-3027*1*120*87.97*12*12*21294E0005850*02~NM1*QC*1*COPELAND*MAYA****MI*XLRR000080426760~NM1*IL*1*COPELAND*JESSE****MI*XLRR000080426760~NM1*74*1***L***C*R000080426760~NM1*82*1*WATERS*LORI*M***XX*1760854152~REF*CE*828~DTM*232*20210719~DTM*233*20210719~DTM*050*20211020~AMT*AU*99.97~SVC*HC:90834:95*120*87.97~CAS*PR*3*12~CAS*CO*45*20.03~REF*6R*274890-3027~AMT*B6*99.97~CLP*2572249438*1*190*0*190*12*21292E0004341*02~NM1*QC*1*NAVARRETTE*REYN*J***MI*R000083457226~NM1*82*1*MATSUMOTO*NATALIA*A***XX*1427398312~DTM*232*20210417~DTM*233*20210417~DTM*036*20210131~DTM*050*20211018~SVC*HC:90791:95*190*0~CAS*PR*31*190~REF*6R*6482572249438~CLP*632-4138*1*120*0*120*12*21294E0004742*02~NM1*QC*1*CORPUZ*JEANELL****MI*R000083481317~NM1*82*1*FERREIRA*LORI*M***XX*1811143126~DTM*232*20210412~DTM*233*20210412~DTM*036*20210121~DTM*050*20211020~SVC*HC:90834:95*120*0~CAS*PR*31*120~REF*6R*272632-4138~CLP*632-4139*1*120*0*120*12*21294E0005027*02~NM1*QC*1*CORPUZ*JEANELL****MI*R000083481317~NM1*82*1*FERREIRA*LORI*M***XX*1811143126~DTM*232*20210328~DTM*233*20210328~DTM*036*20210121~DTM*050*20211020~SVC*HC:90834:95*120*0~CAS*PR*31*120~REF*6R*273632-4139~CLP*632-4137*1*120*0*120*12*21294E0005309*02~NM1*QC*1*CORPUZ*JEANELL****MI*R000083481317~NM1*82*1*FERREIRA*LORI*M***XX*1811143126~DTM*232*20210426~DTM*233*20210426~DTM*036*20210121~DTM*050*20211020~SVC*HC:90834:95*120*0~CAS*PR*31*120~REF*6R*271632-4137~CLP*720-5436*1*120*99.97**12*21288E0004397*02~NM1*QC*1*NATALIE*OWENS****MI*XLAR000030570758~NM1*IL*1*NATALIE*OWENS****MI*XLAR000030570758~NM1*74*1*OWENS*LAMONT****C*R000030570758~NM1*82*1*PLAYTER*AILEEN*T***XX*1013394097~REF*CE*898~DTM*232*20211012~DTM*233*20211012~DTM*050*20211014~AMT*AU*99.97~SVC*HC:90834:95*120*99.97~CAS*CO*45*20.03~REF*6R*225720-5436~AMT*B6*99.97~CLP*2046-5446*19*150*107.39**12*21291E0006067*02~NM1*QC*1*BORNIOS-ELIZAGA*RACHELLE****MI*R000084348135~NM1*74*1*BORNIOS ELIZAGA~NM1*82*1*MATSUMOTO*NATALIA*A***XX*1427398312~NM1*TT*2*HAWAII MEDICAL SERVICE ASSOCIATION*****NI*49948~REF*CE*734~DTM*232*20210911~DTM*233*20210911~DTM*050*20211017~AMT*AU*107.39~SVC*HC:90837:95*150*107.39~CAS*CO*45*42.61~REF*6R*9172046-5446~AMT*B6*107.39~CLP*720-4121*1*90*68.13**12*21292E0003239*02~NM1*QC*1*NATALIE*OWENS****MI*XLAR000030570758~NM1*IL*1*NATALIE*OWENS****MI*XLAR000030570758~NM1*74*1*OWENS*LAMONT****C*R000030570758~NM1*82*1*PLAYTER*AILEEN*T***XX*1013394097~REF*CE*898~DTM*232*20210826~DTM*233*20210826~DTM*050*20211018~AMT*AU*68.13~SVC*HC:90832:95*90*68.13~CAS*CO*45*21.87~REF*6R*549720-4121~AMT*B6*68.13~CLP*720-3261*1*90*68.13**12*21292E0003514*02~NM1*QC*1*NATALIE*OWENS****MI*XLAR000030570758~NM1*IL*1*NATALIE*OWENS****MI*XLAR000030570758~NM1*74*1*OWENS*LAMONT****C*R000030570758~NM1*82*1*PLAYTER*AILEEN*T***XX*1013394097~REF*CE*898~DTM*232*20210727~DTM*233*20210727~DTM*050*20211018~AMT*AU*68.13~SVC*HC:90832:95*90*68.13~CAS*CO*45*21.87~REF*6R*545720-3261~AMT*B6*68.13~CLP*720-2532*1*150*107.39**12*21292E0003772*02~NM1*QC*1*NATALIE*OWENS****MI*XLAR000030570758~NM1*IL*1*NATALIE*OWENS****MI*XLAR000030570758~NM1*74*1*OWENS*LAMONT****C*R000030570758~NM1*82*1*PLAYTER*AILEEN*T***XX*1013394097~REF*CE*898~DTM*232*20210702~DTM*233*20210702~DTM*050*20211018~AMT*AU*107.39~SVC*HC:90837:95*150*107.39~CAS*CO*45*42.61~REF*6R*544720-2532~AMT*B6*107.39~CLP*2046-5463*19*150*107.39**12*21292E0004111*02~NM1*QC*1*BORNIOS-ELIZAGA*RACHELLE****MI*R000084348135~NM1*74*1*BORNIOS ELIZAGA~NM1*82*1*MATSUMOTO*NATALIA*A***XX*1427398312~NM1*TT*2*HAWAII MEDICAL SERVICE ASSOCIATION*****NI*49948~REF*CE*734~DTM*232*20210918~DTM*233*20210918~DTM*050*20211018~AMT*AU*107.39~SVC*HC:90837:95*150*107.39~CAS*CO*45*42.61~REF*6R*2802046-5463~AMT*B6*107.39~CLP*758-3032*1*120*85.97*14*12*21293E0003077*02~NM1*QC*1*SCOTT ALLE*YAGO****MI*XLRR000082156936~NM1*74*1*YAGO*SCOTT ALLEN*R***C*R000082156936~NM1*82*1*WATERS*LORI*M***XX*1760854152~REF*CE*744~DTM*232*20210715~DTM*233*20210715~DTM*050*20211019~AMT*AU*99.97~SVC*HC:90834:95*120*85.97~CAS*PR*3*14~CAS*CO*45*20.03~REF*6R*100758-3032~AMT*B6*99.97~CLP*720-5597*1*150*107.39**12*21293E0003949*02~NM1*QC*1*NATALIE*OWENS****MI*XLAR000030570758~NM1*IL*1*NATALIE*OWENS****MI*XLAR000030570758~NM1*74*1*OWENS*LAMONT****C*R000030570758~NM1*82*1*PLAYTER*AILEEN*T***XX*1013394097~REF*CE*898~DTM*232*20211018~DTM*233*20211018~DTM*050*20211019~AMT*AU*107.39~SVC*HC:90837:95*150*107.39~CAS*CO*45*42.61~REF*6R*097720-5597~AMT*B6*107.39~CLP*2046-5487*19*150*107.39**12*21293E0004032*02~NM1*QC*1*BORNIOS-ELIZAGA*RACHELLE****MI*R000084348135~NM1*74*1*BORNIOS ELIZAGA~NM1*82*1*MATSUMOTO*NATALIA*A***XX*1427398312~NM1*TT*2*HAWAII MEDICAL SERVICE ASSOCIATION*****NI*49948~REF*CE*734~DTM*232*20210925~DTM*233*20210925~DTM*050*20211019~AMT*AU*107.39~SVC*HC:90837:95*150*107.39~CAS*CO*45*42.61~REF*6R*2142046-5487~AMT*B6*107.39~SE*391*0001~ST*835*0002~BPR*I*988.74*C*ACH*CCP*01*121301015*DA*01031503*1990040115**01*321370765*DA*81020-75433*20211026~TRN*1*1144907*1990040115~REF*F2*5.40~DTM*405*20211020~N1*PR*HAWAII MEDICAL SERVICE ASSOCIATION~N3*818 KEEAUMOKU ST~N4*HONOLULU*HI*96814~PER*BL*ETS*TE*8089486355~N1*PE*SERENITY COUNSELING SERVIC*XX*1588011043~REF*TJ*812344400~LX*1~CLP*731-3704*1*150*112.45**HM*21288E0003440*02~NM1*QC*1*CARINIO*JASON****MI*HFPF000025476797~NM1*74*1***R***C*F000025476797~NM1*82*1*PLAYTER*AILEEN*T***XX*1013394097~REF*CE*087~DTM*232*20210809~DTM*233*20210809~DTM*050*20211014~AMT*AU*112.45~SVC*HC:90837:95*150*112.45~CAS*CO*45*37.55~REF*6R*217731-3704~AMT*B6*112.45~CLP*731-2619*1*150*0*150*HM*21288E0003470*02~NM1*QC*1*CARINIO*JASON****MI*HFPF000025476797~NM1*74*1***R***C*F000025476797~NM1*82*1*PLAYTER*AILEEN*T***XX*1013394097~REF*CE*087~DTM*232*20210705~DTM*233*20210705~DTM*050*20211014~AMT*AU*112.45~SVC*HC:90837:95*150*0~CAS*PR*204*150~REF*6R*209731-2619~AMT*B6*112.45~LQ*HE*N130~CLP*731-2185*1*150*0*150*HM*21288E0003528*02~NM1*QC*1*CARINIO*JASON****MI*HFPF000025476797~NM1*74*1***R***C*F000025476797~NM1*82*1*PLAYTER*AILEEN*T***XX*1013394097~REF*CE*087~DTM*232*20210621~DTM*233*20210621~DTM*050*20211014~AMT*AU*112.45~SVC*HC:90837:95*150*0~CAS*PR*204*150~REF*6R*206731-2185~AMT*B6*112.45~LQ*HE*N130~CLP*731-2371*1*150*0*150*HM*21288E0003748*02~NM1*QC*1*CARINIO*JASON****MI*HFPF000025476797~NM1*74*1***R***C*F000025476797~NM1*82*1*PLAYTER*AILEEN*T***XX*1013394097~REF*CE*087~DTM*232*20210628~DTM*233*20210628~DTM*050*20211014~AMT*AU*112.45~SVC*HC:90837:95*150*0~CAS*PR*204*150~REF*6R*208731-2371~AMT*B6*112.45~LQ*HE*N130~CLP*731-2030*1*150*0*150*HM*21288E0003817*02~NM1*QC*1*CARINIO*JASON****MI*HFPF000025476797~NM1*74*1***R***C*F000025476797~NM1*82*1*PLAYTER*AILEEN*T***XX*1013394097~REF*CE*087~DTM*232*20210615~DTM*233*20210615~DTM*050*20211014~AMT*AU*112.45~SVC*HC:90837:95*150*0~CAS*PR*204*150~REF*6R*204731-2030~AMT*B6*112.45~LQ*HE*N130~CLP*731-4027*1*150*112.45**HM*21288E0003837*02~NM1*QC*1*CARINIO*JASON****MI*HFPF000025476797~NM1*74*1***R***C*F000025476797~NM1*82*1*PLAYTER*AILEEN*T***XX*1013394097~REF*CE*087~DTM*232*20210816~DTM*233*20210816~DTM*050*20211014~AMT*AU*112.45~SVC*HC:90837:95*150*112.45~CAS*CO*45*37.55~REF*6R*220731-4027~AMT*B6*112.45~CLP*731-2879*1*150*0*150*HM*21288E0003885*02~NM1*QC*1*CARINIO*JASON****MI*HFPF000025476797~NM1*74*1***R***C*F000025476797~NM1*82*1*PLAYTER*AILEEN*T***XX*1013394097~REF*CE*087~DTM*232*20210712~DTM*233*20210712~DTM*050*20211014~AMT*AU*112.45~SVC*HC:90837:95*150*0~CAS*PR*204*150~REF*6R*210731-2879~AMT*B6*112.45~LQ*HE*N130~CLP*731-4031*1*150*112.45**HM*21288E0004112*02~NM1*QC*1*CARINIO*JASON****MI*HFPF000025476797~NM1*74*1***R***C*F000025476797~NM1*82*1*PLAYTER*AILEEN*T***XX*1013394097~REF*CE*087~DTM*232*20210823~DTM*233*20210823~DTM*050*20211014~AMT*AU*112.45~SVC*HC:90837:95*150*112.45~CAS*CO*45*37.55~REF*6R*221731-4031~AMT*B6*112.45~CLP*384-5515*1*150*112.45**HM*21292E0002968*02~NM1*QC*1*EXZABE*ALTON****MI*HFPF000029961356~NM1*IL*1*EXZABE*ALTON****MI*HFPF000029961356~NM1*74*1*ANTONE*CARLY*R***C*F000029961356~NM1*82*1*MATSUMOTO*NATALIA*A***XX*1427398312~REF*CE*087~DTM*232*20210926~DTM*233*20210926~DTM*050*20211018~AMT*AU*112.45~SVC*HC:90837:95*150*112.45~CAS*CO*45*37.55~REF*6R*925384-5515~AMT*B6*112.45~CLP*745-5490*1*150*112.45**HM*21292E0003006*02~NM1*QC*1*LEE*CRISLE****MI*F000030594360~NM1*IL*1*LEE*CRISLE****MI*F000030594360~NM1*74*1**DARRIN*S~NM1*82*1*MATSUMOTO*NATALIA*A***XX*1427398312~REF*CE*087~DTM*232*20210925~DTM*233*20210925~DTM*050*20211018~AMT*AU*112.45~SVC*HC:90837:95*150*112.45~CAS*CO*45*37.55~REF*6R*923745-5490~AMT*B6*112.45~CLP*384-4087*1*150*112.45**HM*21292E0003370*02~NM1*QC*1*EXZABE*ALTON****MI*HFPF000029961356~NM1*IL*1*EXZABE*ALTON****MI*HFPF000029961356~NM1*74*1*ANTONE*CARLY*R***C*F000029961356~NM1*82*1*MATSUMOTO*NATALIA*A***XX*1427398312~REF*CE*087~DTM*232*20210815~DTM*233*20210815~DTM*050*20211018~AMT*AU*112.45~SVC*HC:90837:95*150*112.45~CAS*CO*45*37.55~REF*6R*543384-4087~AMT*B6*112.45~CLP*922-3591*1*120*104.68**HM*21292E0004741*02~NM1*QC*1*GALIZA*ELVEN****MI*HFPF000307386391~NM1*74*1**ELDEN*E***C*F000307386391~NM1*82*1*LINARES*DAVID****XX*1699008045~REF*CE*087~DTM*232*20210806~DTM*233*20210806~DTM*050*20211018~AMT*AU*104.68~SVC*HC:90834:95*120*104.68~CAS*CO*45*15.32~REF*6R*898922-3591~AMT*B6*104.68~CLP*2122-5549*1*120*104.68**HM*21293E0003721*02~NM1*QC*1*HOLLAR*AMELIA*M.***MI*HFPF000030991228~NM1*IL*1*HOLLAR*WILLIAM*M.***MI*HFPF000030991228~NM1*82*1*WATERS*LORI*M***XX*1760854152~REF*CE*087~DTM*232*20211014~DTM*233*20211014~DTM*050*20211019~AMT*AU*104.68~SVC*HC:90834:95*120*104.68~CAS*CO*45*15.32~REF*6R*1042122-5549~AMT*B6*104.68~CLP*579-5608*1*120*104.68**HM*21293E0004669*02~NM1*QC*1*MEDEIROS*EDWARD****MI*HFPF000030632301~NM1*74*1***K***C*F000030632301~NM1*82*1*LINARES*DAVID****XX*1699008045~REF*CE*087~DTM*232*20211018~DTM*233*20211018~DTM*050*20211019~AMT*AU*104.68~SVC*HC:90834:95*120*104.68~CAS*CO*45*15.32~REF*6R*109579-5608~AMT*B6*104.68~SE*203*0002~GE*2*885635855~IEA*1*885635855~