ISA*00*          *00*          *ZZ*330897513      *ZZ*MEDBOSSC       *210914*0252*^*00501*871307120*0*P*:~GS*HP*330897513*MEDBOSSC*20210914*0252*871307120*X*005010X221A1~ST*835*0001~BPR*I*39.42*C*ACH*CCP*01*121301015*DA*48070310*1990040115**01*321370765*DA*81020-75433*20210914~TRN*1*1662293*1990040115~REF*F2*5.40~DTM*405*20210907~N1*PR*HAWAII MEDICAL SERVICE ASSOCIATION~N3*818 KEEAUMOKU ST~N4*HONOLULU*HI*96814~PER*BL*ETS*TE*8089486355~N1*PE*SERENITY COUNSELING SERVIC*XX*1588011043~REF*TJ*812344400~LX*1~CLP*942-3800*2*120*19.71**HM*2124900000104*02~NM1*QC*1*SHOOK*KEOLAMAI****MI*R000083516575~NM1*IL*1*SHOOK*KEOLAMAI****MI*R000083516575~NM1*74*1**JODILYNN*N***C*R000080089287~NM1*82*1*LINARES*DAVID****XX*1699008045~REF*CE*XA~DTM*232*20210814~DTM*233*20210814~DTM*050*20210906~AMT*AU*104.68~SVC*HC:90834:95*120*19.71~CAS*OA*23*105**94*-4.71~REF*6R*767942-3800~AMT*B6*104.68~CLP*942-3948*2*120*19.71**HM*2124900004684*02~NM1*QC*1*SHOOK*KEOLAMAI****MI*R000083516575~NM1*IL*1*SHOOK*KEOLAMAI****MI*R000083516575~NM1*74*1**JODILYNN*N***C*R000080089287~NM1*82*1*LINARES*DAVID****XX*1699008045~REF*CE*XA~DTM*232*20210821~DTM*233*20210821~DTM*050*20210906~AMT*AU*104.68~SVC*HC:90834:95*120*19.71~CAS*OA*23*105**94*-4.71~REF*6R*772942-3948~AMT*B6*104.68~SE*41*0001~GE*1*871307120~IEA*1*871307120~