ISA*00*          *00*          *ZZ*330897513      *ZZ*MEDBOSSC       *211028*0246*^*00501*886585405*0*P*:~GS*HP*330897513*MEDBOSSC*20211028*0246*886585405*X*005010X221A1~ST*835*0001~BPR*I*898.96*C*ACH*CCP*01*121301015*DA*01076140*1990040115**01*321370765*DA*8102075433*20211028~TRN*1*2009021*1990040115~REF*F2*5.40~DTM*405*20211022~N1*PR*HAWAII MEDICAL SERVICE ASSOCIATION~N3*818 KEEAUMOKU ST~N4*HONOLULU*HI*96814~PER*BL*ETS*TE*8089486355~N1*PE*SERENITY COUNSELING SERVICES HAWAII LLC*XX*1588011043~REF*TJ*812344400~LX*1~CLP*2572249439*1*190*0*190*MC*21292E001805*02~NM1*QC*1*KAAHANUI-MATEO*DAYNAMARIE*P***MI*0000044015~NM1*74*1*KAAHANUIMATEO~NM1*82*2*LINARES*****XX*1699008045~DTM*232*20210308~DTM*233*20210308~DTM*036*20191231~DTM*050*20211018~SVC*HC:90791:95*190*0~CAS*PR*31*190~REF*6R*6492572249439~CLP*669-4151*4*120*0**MC*21264E001855*02~NM1*QC*1*KAHAPEA*JONAH****MI*0002624332~NM1*74*1*UNRECOGNIZED*MEMBER NUMBER****C*8888888888~NM1*82*2*FERREIRA*****XX*1811143126~DTM*232*20210114~DTM*233*20210114~DTM*050*20210920~SVC*HC:90834:95*120*0~CAS*CO*16*120~REF*6R*621669-4151~LQ*HE*N382~CLP*412-4628*1*150*107.58**MC*21264E001886*02~NM1*QC*1*BASQUES-RODGERS*KEOLA****MI*0002129504~NM1*74*1***J~NM1*82*2*MATSUMOTO*****XX*1427398312~DTM*232*20210815~DTM*233*20210815~DTM*050*20210920~AMT*AU*107.58~SVC*HC:90837:95*150*107.58~CAS*CO*45*42.42~REF*6R*285412-4628~AMT*B6*107.58~CLP*669-4145*4*120*0**MC*21264E001889*02~NM1*QC*1*KAHAPEA*JONAH****MI*0002624332~NM1*74*1*UNRECOGNIZED*MEMBER NUMBER****C*8888888888~NM1*82*2*FERREIRA*****XX*1811143126~DTM*232*20210311~DTM*233*20210311~DTM*050*20210920~SVC*HC:90834:95*120*0~CAS*CO*16*120~REF*6R*611669-4145~LQ*HE*N382~CLP*669-4147*4*120*0**MC*21264E002132*02~NM1*QC*1*KAHAPEA*JONAH****MI*0002624332~NM1*74*1*UNRECOGNIZED*MEMBER NUMBER****C*8888888888~NM1*82*2*FERREIRA*****XX*1811143126~DTM*232*20210211~DTM*233*20210211~DTM*050*20210920~SVC*HC:90834:95*120*0~CAS*CO*16*120~REF*6R*613669-4147~LQ*HE*N382~CLP*669-4150*4*120*0**MC*21264E002165*02~NM1*QC*1*KAHAPEA*JONAH****MI*0002624332~NM1*74*1*UNRECOGNIZED*MEMBER NUMBER****C*8888888888~NM1*82*2*FERREIRA*****XX*1811143126~DTM*232*20210128~DTM*233*20210128~DTM*050*20210920~SVC*HC:90834:95*120*0~CAS*CO*16*120~REF*6R*619669-4150~LQ*HE*N382~CLP*669-4141*4*120*0**MC*21264E002252*02~NM1*QC*1*KAHAPEA*JONAH****MI*0002624332~NM1*74*1*UNRECOGNIZED*MEMBER NUMBER****C*8888888888~NM1*82*2*FERREIRA*****XX*1811143126~DTM*232*20210422~DTM*233*20210422~DTM*050*20210920~SVC*HC:90834:95*120*0~CAS*CO*16*120~REF*6R*607669-4141~LQ*HE*N382~CLP*669-4143*4*120*0**MC*21264E002257*02~NM1*QC*1*KAHAPEA*JONAH****MI*0002624332~NM1*74*1*UNRECOGNIZED*MEMBER NUMBER****C*8888888888~NM1*82*2*FERREIRA*****XX*1811143126~DTM*232*20210329~DTM*233*20210329~DTM*050*20210920~SVC*HC:90834:95*120*0~CAS*CO*16*120~REF*6R*609669-4143~LQ*HE*N382~CLP*412-2594*1*120*68.38**MC*21264E002409*02~NM1*QC*1*BASQUES-RODGERS*KEOLA****MI*0002129504~NM1*74*1***J~NM1*82*2*MATSUMOTO*****XX*1427398312~DTM*232*20210704~DTM*233*20210704~DTM*050*20210920~AMT*AU*68.38~SVC*HC:90834:95*120*68.38~CAS*CO*45*51.62~REF*6R*544412-2594~AMT*B6*68.38~CLP*669-4144*4*120*0**MC*21264E002490*02~NM1*QC*1*KAHAPEA*JONAH****MI*0002624332~NM1*74*1*UNRECOGNIZED*MEMBER NUMBER****C*8888888888~NM1*82*2*FERREIRA*****XX*1811143126~DTM*232*20210318~DTM*233*20210318~DTM*050*20210920~SVC*HC:90834:95*120*0~CAS*CO*16*120~REF*6R*610669-4144~LQ*HE*N382~CLP*412-3479*1*120*68.38**MC*21264E002498*02~NM1*QC*1*BASQUES-RODGERS*KEOLA****MI*0002129504~NM1*74*1***J~NM1*82*2*MATSUMOTO*****XX*1427398312~DTM*232*20210801~DTM*233*20210801~DTM*050*20210920~AMT*AU*68.38~SVC*HC:90834:95*120*68.38~CAS*CO*45*51.62~REF*6R*282412-3479~AMT*B6*68.38~CLP*669-4146*4*120*0**MC*21264E002601*02~NM1*QC*1*KAHAPEA*JONAH****MI*0002624332~NM1*74*1*UNRECOGNIZED*MEMBER NUMBER****C*8888888888~NM1*82*2*FERREIRA*****XX*1811143126~DTM*232*20210304~DTM*233*20210304~DTM*050*20210920~SVC*HC:90834:95*120*0~CAS*CO*16*120~REF*6R*612669-4146~LQ*HE*N382~CLP*669-4148*4*120*0**MC*21264E002663*02~NM1*QC*1*KAHAPEA*JONAH****MI*0002624332~NM1*74*1*UNRECOGNIZED*MEMBER NUMBER****C*8888888888~NM1*82*2*FERREIRA*****XX*1811143126~DTM*232*20210204~DTM*233*20210204~DTM*050*20210920~SVC*HC:90834:95*120*0~CAS*CO*16*120~REF*6R*614669-4148~LQ*HE*N382~CLP*669-4142*4*120*0**MC*21264E002753*02~NM1*QC*1*KAHAPEA*JONAH****MI*0002624332~NM1*74*1*UNRECOGNIZED*MEMBER NUMBER****C*8888888888~NM1*82*2*FERREIRA*****XX*1811143126~DTM*232*20210408~DTM*233*20210408~DTM*050*20210920~SVC*HC:90834:95*120*0~CAS*CO*16*120~REF*6R*608669-4142~LQ*HE*N382~CLP*669-4152*4*120*0**MC*21264E002806*02~NM1*QC*1*KAHAPEA*JONAH****MI*0002624332~NM1*74*1*UNRECOGNIZED*MEMBER NUMBER****C*8888888888~NM1*82*2*FERREIRA*****XX*1811143126~DTM*232*20210107~DTM*233*20210107~DTM*050*20210920~SVC*HC:90834:95*120*0~CAS*CO*16*120~REF*6R*622669-4152~LQ*HE*N382~CLP*412-4219*1*120*68.38**MC*21264E002989*02~NM1*QC*1*BASQUES-RODGERS*KEOLA****MI*0002129504~NM1*74*1***J~NM1*82*2*MATSUMOTO*****XX*1427398312~DTM*232*20210613~DTM*233*20210613~DTM*050*20210920~AMT*AU*68.38~SVC*HC:90834:95*120*68.38~CAS*CO*45*51.62~REF*6R*569412-4219~AMT*B6*68.38~CLP*669-4149*4*120*0**MC*21264E003050*02~NM1*QC*1*KAHAPEA*JONAH****MI*0002624332~NM1*74*1*UNRECOGNIZED*MEMBER NUMBER****C*8888888888~NM1*82*2*FERREIRA*****XX*1811143126~DTM*232*20210121~DTM*233*20210121~DTM*050*20210920~SVC*HC:90834:95*120*0~CAS*CO*16*120~REF*6R*616669-4149~LQ*HE*N382~CLP*412-2813*1*120*68.38**MC*21264E003121*02~NM1*QC*1*BASQUES-RODGERS*KEOLA****MI*0002129504~NM1*74*1***J~NM1*82*2*MATSUMOTO*****XX*1427398312~DTM*232*20210711~DTM*233*20210711~DTM*050*20210920~AMT*AU*68.38~SVC*HC:90834:95*120*68.38~CAS*CO*45*51.62~REF*6R*945412-2813~AMT*B6*68.38~CLP*669-4153*4*120*0**MC*21264E003296*02~NM1*QC*1*KAHAPEA*JONAH****MI*0002624332~NM1*74*1*UNRECOGNIZED*MEMBER NUMBER****C*8888888888~NM1*82*2*FERREIRA*****XX*1811143126~DTM*232*20201231~DTM*233*20201231~DTM*050*20210920~SVC*HC:90834:95*120*0~CAS*CO*16*120~REF*6R*617669-4153~LQ*HE*N382~CLP*412-4641*1*150*107.58**MC*21264E003638*02~NM1*QC*1*BASQUES-RODGERS*KEOLA****MI*0002129504~NM1*74*1***J~NM1*82*2*MATSUMOTO*****XX*1427398312~DTM*232*20210822~DTM*233*20210822~DTM*050*20210920~AMT*AU*107.58~SVC*HC:90837:95*150*107.58~CAS*CO*45*42.42~REF*6R*290412-4641~AMT*B6*107.58~CLP*2119-5531*1*120*68.38**MC*21292E001699*02~NM1*QC*1*KAUVAKA*ROBYN****MI*0000641037~NM1*74*1*KAHELE~NM1*82*2*LINARES*****XX*1699008045~DTM*232*20211015~DTM*233*20211015~DTM*050*20211018~AMT*AU*68.38~SVC*HC:90834:95*120*68.38~CAS*CO*45*51.62~REF*6R*9342119-5531~AMT*B6*68.38~CLP*669-4141*1*120*68.38**MC*21292E001851*02~NM1*QC*1*KAHAPEA*JONAH****MI*0000846147~NM1*74*1***H~NM1*82*2*FERREIRA*****XX*1811143126~DTM*232*20210422~DTM*233*20210422~DTM*050*20211018~AMT*AU*68.38~SVC*HC:90834:95*120*68.38~CAS*CO*45*51.62~REF*6R*893669-4141~AMT*B6*68.38~CLP*941-3649*1*120*68.38**MC*21292E001881*02~NM1*QC*1*HIRAM*TEANNA****MI*0000799497~NM1*74*1***K~NM1*82*2*LINARES*****XX*1699008045~DTM*232*20210807~DTM*233*20210807~DTM*050*20211018~AMT*AU*68.38~SVC*HC:90834:95*120*68.38~CAS*CO*45*51.62~REF*6R*557941-3649~AMT*B6*68.38~CLP*2572204025*1*840*0**MC*21292E001895*02~NM1*QC*1*ONG*DINHTAI****MI*0000640266~NM1*74*1***T~NM1*82*1*RIBEIRO*MICHELLE*R***XX*1164054391~DTM*232*20210213~DTM*233*20210529~DTM*050*20211018~SVC*HC:90834:95*120*0~DTM*472*20210213~CAS*CO*45*120~REF*6R*7502572204025~LQ*HE*N130~SVC*HC:90834:95*120*0~DTM*472*20210306~CAS*CO*45*120~REF*6R*7512572204025~LQ*HE*N130~SVC*HC:90834:95*120*0~DTM*472*20210320~CAS*CO*45*120~REF*6R*7522572204025~LQ*HE*N130~SVC*HC:90834:95*120*0~DTM*472*20210410~CAS*CO*45*120~REF*6R*7532572204025~LQ*HE*N130~SVC*HC:90834:95*120*0~DTM*472*20210424~CAS*CO*45*120~REF*6R*7542572204025~LQ*HE*N130~SVC*HC:90834:95*120*0~DTM*472*20210508~CAS*CO*45*120~REF*6R*7552572204025~LQ*HE*N130~SVC*HC:90834:95*120*0~DTM*472*20210529~CAS*CO*45*120~REF*6R*7562572204025~LQ*HE*N130~CLP*669-4150*1*120*68.38**MC*21292E001979*02~NM1*QC*1*KAHAPEA*JONAH****MI*0000846147~NM1*74*1***H~NM1*82*2*FERREIRA*****XX*1811143126~DTM*232*20210128~DTM*233*20210128~DTM*050*20211018~AMT*AU*68.38~SVC*HC:90834:95*120*68.38~CAS*CO*45*51.62~REF*6R*891669-4150~AMT*B6*68.38~CLP*1947-3914*1*220*0**MC*21292E001989*02~NM1*QC*1*PIMENTAL*MICAH****MI*0002548960~NM1*74*1***K~NM1*82*2*LINARES*****XX*1699008045~DTM*232*20210820~DTM*233*20210820~DTM*050*20211018~SVC*HC:90792:95*220*0~CAS*CO*96*220~REF*6R*9051947-3914~LQ*HE*N381~CLP*2023-5590*1*120*68.38**MC*21293E001698*02~NM1*QC*1*GALERA*JENNIE****MI*0002299881~NM1*74*1***C~NM1*82*2*PLAYTER*****XX*1013394097~DTM*232*20211018~DTM*233*20211018~DTM*050*20211019~AMT*AU*68.38~SVC*HC:90834:95*120*68.38~CAS*CO*45*51.62~REF*6R*0962023-5590~AMT*B6*68.38~CLP*1947-5505*1*120*68.38**MC*21293E001927*02~NM1*QC*1*PIMENTAL*MICAH****MI*0002548960~NM1*74*1***K~NM1*82*2*LINARES*****XX*1699008045~DTM*232*20211015~DTM*233*20211015~DTM*050*20211019~AMT*AU*68.38~SVC*HC:90834:95*120*68.38~CAS*CO*45*51.62~REF*6R*9021947-5505~AMT*B6*68.38~SE*364*0001~GE*1*886585405~IEA*1*886585405~