ISA*00*          *00*          *ZZ*330897513      *ZZ*MEDBOSSC       *210812*0246*^*00501*860999628*0*P*:~GS*HP*330897513*MEDBOSSC*20210812*0246*860999628*X*005010X221A1~ST*835*0001~BPR*I*205.14*C*ACH*CCP*01*121301015*DA*01076140*1990040115**01*321370765*DA*8102075433*20210812~TRN*1*1989115*1990040115~REF*F2*5.40~DTM*405*20210805~N1*PR*HAWAII MEDICAL SERVICE ASSOCIATION~N3*818 KEEAUMOKU ST~N4*HONOLULU*HI*96814~PER*BL*ETS*TE*8089486355~N1*PE*SERENITY COUNSELING SERVICES HAWAII LLC*XX*1588011043~REF*TJ*812344400~LX*1~CLP*928222071*1*120*0**MC*20352E000041*11~NM1*QC*1*ONG*DINHTAI****MI*0000640266~NM1*74*1***T~NM1*82*1*RIBEIRO*MICHELLE*R***XX*1164054391~DTM*232*20201205~DTM*233*20201205~DTM*050*20201216~SVC*HC:90834:95*120*0~CAS*CO*45*120~REF*6R*928428231~LQ*HE*N130~CLP*524-3453*1*120*68.38**MC*21215E002308*02~NM1*QC*1*SHARP*LEIGHANNE****MI*0000376591~NM1*74*1***C~NM1*82*2*FERREIRA*****XX*1811143126~DTM*232*20210714~DTM*233*20210714~DTM*050*20210802~AMT*AU*68.38~SVC*HC:90834:95*120*68.38~CAS*CO*45*51.62~REF*6R*186524-3453~AMT*B6*68.38~CLP*524-3455*1*120*68.38**MC*21215E002412*02~NM1*QC*1*SHARP*LEIGHANNE****MI*0000376591~NM1*74*1***C~NM1*82*2*FERREIRA*****XX*1811143126~DTM*232*20210721~DTM*233*20210721~DTM*050*20210802~AMT*AU*68.38~SVC*HC:90834:95*120*68.38~CAS*CO*45*51.62~REF*6R*189524-3455~AMT*B6*68.38~CLP*941-3433*1*220*0**MC*21215E002570*02~NM1*QC*1*HIRAM*TEANNA****MI*0000799497~NM1*74*1***K~NM1*82*2*LINARES*****XX*1699008045~DTM*232*20210731~DTM*233*20210731~DTM*050*20210802~SVC*HC:90792:95*220*0~CAS*CO*96*220~REF*6R*458941-3433~LQ*HE*N381~CLP*669-3496*4*120*0**MC*21216E001245*02~NM1*QC*1*KAHAPEA*JONAH****MI*0002624332~NM1*74*1*UNRECOGNIZED*MEMBER NUMBER****C*8888888888~NM1*82*2*FERREIRA*****XX*1811143126~DTM*232*20210802~DTM*233*20210802~DTM*050*20210803~SVC*HC:90834:95*120*0~CAS*CO*16*120~REF*6R*242669-3496~LQ*HE*N329~CLP*897-3503*1*120*68.38**MC*21217E002079*02~NM1*QC*1*PEITERSON*SCOTT****MI*0002449442~NM1*82*2*LINARES*****XX*1699008045~DTM*232*20210802~DTM*233*20210802~DTM*050*20210804~AMT*AU*68.38~SVC*HC:90834:95*120*68.38~CAS*CO*45*51.62~REF*6R*012897-3503~AMT*B6*68.38~SE*81*0001~GE*1*860999628~IEA*1*860999628~