ISA*00*          *00*          *ZZ*330897513      *ZZ*MEDBOSSC       *211124*0904*^*00501*895786887*0*P*:~GS*HP*330897513*MEDBOSSC*20211124*0904*895786887*X*005010X221A1~ST*835*0001~BPR*I*218.25*C*ACH*CCP*01*031202770*DA*8026501176*1841160004*000000000*01*321370765*DA*8102075433*20211126~TRN*1*5402551326VT2*1860813402*000000000~REF*EV*7GW1459CA3~REF*F2*1588011043    R35011122003828~DTM*405*20211122~N1*PR*TRIWEST HEALTHCARE ALLIANCE~N3*PO BOX 42270~N4*PHOENIX*AZ*850802270~PER*CX**TE*8772268749~PER*BL*VA CCN PROVIDER SERVICES*TE*8002590264~PER*IC**UR*WWW.TRIWEST.COM~N1*PE*DAVID LINARES*XX*1588011043~N3*APT 3U*94-1261 LUMIKULA ST~N4*WAIPAHU*HI*96797~REF*TJ*812344400~LX*1~CLP*2209-6480*1*180*138.74**VA*H322X19FR0000*11*1~NM1*QC*1*PEDERSON*THOMAS****MI*1006257566V076532~DTM*050*20211118~AMT*AU*138.74~SVC*HC:90791:95*180*138.74~DTM*472*20211112~CAS*CO*45*41.26~REF*6R*7102209-6480~AMT*B6*138.74~LX*2~CLP*661-3383*1*120*0**VA*H323X12DQ0000*11*1~NM1*QC*1*ACOSTA*FRANCISCO****MI*1019439390V597194~DTM*050*20211119~SVC*HC:90834:95*120*0~DTM*472*20210707~CAS*CO*288*120~REF*6R*817661-3383~LQ*HE*N489~LX*3~CLP*661-3385*1*120*0**VA*H323X12DR0000*11*1~NM1*QC*1*ACOSTA*FRANCISCO****MI*1019439390V597194~DTM*050*20211119~SVC*HC:90834:95*120*0~DTM*472*20210715~CAS*CO*288*120~REF*6R*818661-3385~LQ*HE*N489~LX*4~CLP*661-3387*1*120*0**VA*H323X12DS0000*11*1~NM1*QC*1*ACOSTA*FRANCISCO****MI*1019439390V597194~DTM*050*20211119~SVC*HC:90834:95*120*0~DTM*472*20210724~CAS*CO*288*120~REF*6R*819661-3387~LQ*HE*N489~LX*5~CLP*661-3389*1*120*0**VA*H323X12DT0000*11*1~NM1*QC*1*ACOSTA*FRANCISCO****MI*1019439390V597194~DTM*050*20211119~SVC*HC:90834:95*120*0~DTM*472*20210730~CAS*CO*288*120~REF*6R*820661-3389~LQ*HE*N489~LX*6~CLP*661-3862*1*120*0**VA*H323X12DV0000*11*1~NM1*QC*1*ACOSTA*FRANCISCO****MI*1019439390V597194~DTM*050*20211119~SVC*HC:90834:95*120*0~DTM*472*20210804~CAS*CO*288*120~REF*6R*821661-3862~LQ*HE*N489~LX*7~CLP*661-3866*1*120*0**VA*H323X15W60000*11*1~NM1*QC*1*ACOSTA*FRANCISCO****MI*1019439390V597194~DTM*050*20211119~SVC*HC:90834:95*120*0~DTM*472*20210810~CAS*CO*288*120~REF*6R*119661-3866~LQ*HE*N489~LX*8~CLP*623-3721*1*120*0**VA*H323X164K0000*11*1~NM1*QC*1*BARRERA*DANNY****MI*1011766881V679915~DTM*050*20211119~SVC*HC:90834:95*120*0~DTM*472*20210809~CAS*CO*288*120~REF*6R*870623-3721~LQ*HE*N489~LX*9~CLP*623-3723*1*120*0**VA*H323X164N0000*11*1~NM1*QC*1*BARRERA*DANNY****MI*1011766881V679915~DTM*050*20211119~SVC*HC:90834:95*120*0~DTM*472*20210705~CAS*CO*288*120~REF*6R*871623-3723~LQ*HE*N489~LX*10~CLP*623-3725*1*120*0**VA*H323X164R0000*11*1~NM1*QC*1*BARRERA*DANNY****MI*1011766881V679915~DTM*050*20211119~SVC*HC:90834:95*120*0~DTM*472*20210719~CAS*CO*288*120~REF*6R*872623-3725~LQ*HE*N489~LX*11~CLP*623-3729*1*120*0**VA*H323X164S0000*11*1~NM1*QC*1*BARRERA*DANNY****MI*1011766881V679915~DTM*050*20211119~SVC*HC:90834:95*120*0~DTM*472*20210727~CAS*CO*288*120~REF*6R*873623-3729~LQ*HE*N489~LX*12~CLP*625-1822*1*120*0**VA*H323X166T0000*11*1~NM1*QC*1*BOTELLO*ISIS****MI*1039443374V490788~DTM*050*20211119~SVC*HC:90834:95*120*0~DTM*472*20210504~CAS*CO*29*120~REF*6R*869625-1822~LX*13~CLP*742-3074*1*150*0**VA*H323X168X0000*11*1~NM1*QC*1*ELVENIA*HENRY****MI*1018760076V111339~DTM*050*20211119~SVC*HC:90837:95*150*0~DTM*472*20210722~CAS*CO*288*150~REF*6R*893742-3074~LQ*HE*N489~LX*14~CLP*742-3265*1*150*0**VA*H323X168Z0000*11*1~NM1*QC*1*ELVENIA*HENRY****MI*1018760076V111339~DTM*050*20211119~SVC*HC:90837:95*150*0~DTM*472*20210727~CAS*CO*288*150~REF*6R*894742-3265~LQ*HE*N489~LX*15~CLP*742-3296*1*120*0**VA*H323X16900000*11*1~NM1*QC*1*ELVENIA*HENRY****MI*1018760076V111339~DTM*050*20211119~SVC*HC:90834:95*120*0~DTM*472*20210729~CAS*CO*288*120~REF*6R*895742-3296~LQ*HE*N489~LX*16~CLP*742-3579*1*150*0**VA*H323X16920000*11*1~NM1*QC*1*ELVENIA*HENRY****MI*1018760076V111339~DTM*050*20211119~SVC*HC:90837:95*150*0~DTM*472*20210805~CAS*CO*288*150~REF*6R*896742-3579~LQ*HE*N489~LX*17~CLP*742-3762*1*150*0**VA*H323X16940000*11*1~NM1*QC*1*ELVENIA*HENRY****MI*1018760076V111339~DTM*050*20211119~SVC*HC:90837:95*150*0~DTM*472*20210812~CAS*CO*288*150~REF*6R*897742-3762~LQ*HE*N489~LX*18~CLP*742-4016*1*150*0**VA*H323X16960000*11*1~NM1*QC*1*ELVENIA*HENRY****MI*1018760076V111339~DTM*050*20211119~SVC*HC:90837:95*150*0~DTM*472*20210819~CAS*CO*288*150~REF*6R*898742-4016~LQ*HE*N489~LX*19~CLP*742-4172*1*150*0**VA*H323X16970000*11*1~NM1*QC*1*ELVENIA*HENRY****MI*1018760076V111339~DTM*050*20211119~SVC*HC:90837:95*150*0~DTM*472*20210827~CAS*CO*288*150~REF*6R*899742-4172~LQ*HE*N489~LX*20~CLP*637-4541*1*120*0**VA*H323X17CB0000*11*1~NM1*QC*1*JORGE*VINCENTE*C***MI*1009738141V101265~DTM*050*20211119~SVC*HC:90834:95*120*0~DTM*472*20210830~CAS*CO*288*120~REF*6R*065637-4541~LQ*HE*N489~LX*21~CLP*637-2049*1*120*0**VA*H323X17C00000*02*1~NM1*QC*1*JORGE*VINCENTE*C***MI*1009738141V101265~DTM*050*20211119~SVC*HC:90834:95*120*0~DTM*472*20210601~CAS*CO*288*120~REF*6R*051637-2049~LQ*HE*N489~LX*22~CLP*637-2055*1*120*0**VA*H323X17C10000*11*1~NM1*QC*1*JORGE*VINCENTE*C***MI*1009738141V101265~DTM*050*20211119~SVC*HC:90834:95*120*0~DTM*472*20210615~CAS*CO*288*120~REF*6R*054637-2055~LQ*HE*N489~LX*23~CLP*637-2737*1*120*0**VA*H323X17C20000*11*1~NM1*QC*1*JORGE*VINCENTE*C***MI*1009738141V101265~DTM*050*20211119~SVC*HC:90834:95*120*0~DTM*472*20210705~CAS*CO*288*120~REF*6R*057637-2737~LQ*HE*N489~LX*24~CLP*637-3460*1*120*0**VA*H323X17C30000*11*1~NM1*QC*1*JORGE*VINCENTE*C***MI*1009738141V101265~DTM*050*20211119~SVC*HC:90834:95*120*0~DTM*472*20210715~CAS*CO*288*120~REF*6R*058637-3460~LQ*HE*N489~LX*25~CLP*637-3463*1*120*0**VA*H323X17C40000*11*1~NM1*QC*1*JORGE*VINCENTE*C***MI*1009738141V101265~DTM*050*20211119~SVC*HC:90834:95*120*0~DTM*472*20210719~CAS*CO*288*120~REF*6R*059637-3463~LQ*HE*N489~LX*26~CLP*637-3466*1*120*0**VA*H323X17C50000*11*1~NM1*QC*1*JORGE*VINCENTE*C***MI*1009738141V101265~DTM*050*20211119~SVC*HC:90834:95*120*0~DTM*472*20210726~CAS*CO*288*120~REF*6R*060637-3466~LQ*HE*N489~LX*27~CLP*637-3719*1*120*0**VA*H323X17C60000*11*1~NM1*QC*1*JORGE*VINCENTE*C***MI*1009738141V101265~DTM*050*20211119~SVC*HC:90834:95*120*0~DTM*472*20210809~CAS*CO*288*120~REF*6R*061637-3719~LQ*HE*N489~LX*28~CLP*637-3993*1*120*0**VA*H323X17C70000*11*1~NM1*QC*1*JORGE*VINCENTE*C***MI*1009738141V101265~DTM*050*20211119~SVC*HC:90834:95*120*0~DTM*472*20210802~CAS*CO*288*120~REF*6R*062637-3993~LQ*HE*N489~LX*29~CLP*637-3995*1*120*0**VA*H323X17C80000*11*1~NM1*QC*1*JORGE*VINCENTE*C***MI*1009738141V101265~DTM*050*20211119~SVC*HC:90834:95*120*0~DTM*472*20210816~CAS*CO*288*120~REF*6R*063637-3995~LQ*HE*N489~LX*30~CLP*637-4539*1*120*0**VA*H323X17C90000*11*1~NM1*QC*1*JORGE*VINCENTE*C***MI*1009738141V101265~DTM*050*20211119~SVC*HC:90834:95*120*0~DTM*472*20210823~CAS*CO*288*120~REF*6R*064637-4539~LQ*HE*N489~LX*31~CLP*654-2409*1*120*79.51**VA*H323X17GP0000*11*1~NM1*QC*1*WILLIAMS*ARIANA****MI*1018252537V228283~DTM*050*20211119~AMT*AU*79.51~SVC*HC:90834:95*120*79.51~DTM*472*20210628~CAS*CO*45*40.49~REF*6R*951654-2409~AMT*B6*79.51~LX*32~CLP*643-4251*1*120*0**VA*H323X17G10000*11*1~NM1*QC*1*MACEDO*SAMUEL****MI*757136824~DTM*050*20211119~SVC*HC:90834:95*120*0~DTM*472*20210825~CAS*CO*288*120~REF*6R*980643-4251~LQ*HE*N489~LX*33~CLP*623-3732*1*120*0**VA*H323X17R70000*11*1~NM1*QC*1*BARRERA*DANNY****MI*1011766881V679915~DTM*050*20211119~SVC*HC:90834:95*120*0~DTM*472*20210802~CAS*CO*288*120~REF*6R*225623-3732~LQ*HE*N489~SE*315*0001~GE*1*895786887~IEA*1*895786887~