ISA*00*          *00*          *ZZ*330897513      *ZZ*MEDBOSSC       *211022*0825*^*00501*884387588*0*P*:~GS*HP*330897513*MEDBOSSC*20211022*0825*884387588*X*005010X221A1~ST*835*0001~BPR*I*181.99*C*ACH*CCP*01*031202770*DA*8026501176*1841160004*000000000*01*321370765*DA*8102075433*20211025~TRN*1*5474376293VT2*1860813402*000000000~REF*EV*7GW1459CA3~REF*F2*1588011043    R35011020003868~DTM*405*20211020~N1*PR*TRIWEST HEALTHCARE ALLIANCE~N3*PO BOX 42270~N4*PHOENIX*AZ*850802270~PER*CX**TE*8772268749~PER*BL*VA CCN PROVIDER SERVICES*TE*8002590264~PER*IC**UR*WWW.TRIWEST.COM~N1*PE*DAVID LINARES*XX*1588011043~N3*APT 3U*94-1261 LUMIKULA ST~N4*WAIPAHU*HI*96797~REF*TJ*812344400~LX*1~CLP*735-2679*1*120*0**VA*H292X15PB0000*02*1~NM1*QC*1*ROGERS*ZACHARY****MI*1016063346V241929~DTM*050*20211019~SVC*HC:90834:95*120*0~DTM*472*20210708~CAS*CO*288*120~REF*6R*272735-2679~LQ*HE*N489~LX*2~CLP*735-3028*1*120*0**VA*H292X15PC0000*02*1~NM1*QC*1*ROGERS*ZACHARY****MI*1016063346V241929~DTM*050*20211019~SVC*HC:90834:95*120*0~DTM*472*20210715~CAS*CO*288*120~REF*6R*273735-3028~LQ*HE*N489~LX*3~CLP*735-3557*1*120*0**VA*H292X15PD0000*11*1~NM1*QC*1*ROGERS*ZACHARY****MI*1016063346V241929~DTM*050*20211019~SVC*HC:90834:95*120*0~DTM*472*20210729~CAS*CO*288*120~REF*6R*274735-3557~LQ*HE*N489~LX*4~CLP*735-3175*1*120*0**VA*H292X15PF0000*11*1~NM1*QC*1*ROGERS*ZACHARY****MI*1016063346V241929~DTM*050*20211019~SVC*HC:90834:95*120*0~DTM*472*20210722~CAS*CO*288*120~REF*6R*275735-3175~LQ*HE*N489~LX*5~CLP*735-4067*1*150*0**VA*H292X15PG0000*11*1~NM1*QC*1*ROGERS*ZACHARY****MI*1016063346V241929~DTM*050*20211019~SVC*HC:90837:95*150*0~DTM*472*20210819~CAS*CO*288*150~REF*6R*276735-4067~LQ*HE*N489~LX*6~CLP*703-1728*1*220*0**VA*H292X15PH0000*11*1~NM1*QC*1*SAWICKI*EDWARD****MI*587722154~DTM*050*20211019~SVC*HC:90792:95*220*0~DTM*472*20210529~CAS*CO*288*220~REF*6R*277703-1728~LQ*HE*N489~LX*7~CLP*703-2360*1*120*0**VA*H292X15PJ0000*11*1~NM1*QC*1*SAWICKI*EDWARD****MI*587722154~DTM*050*20211019~SVC*HC:90834:95*120*0~DTM*472*20210628~CAS*CO*288*120~REF*6R*278703-2360~LQ*HE*N489~LX*8~CLP*666-3600*1*120*79.64**VA*H292X15PK0000*11*1~NM1*QC*1*VEGA*IVAN*L***MI*1015907203V018964~DTM*050*20211019~AMT*AU*79.64~SVC*HC:90834:95*120*79.64~DTM*472*20210806~CAS*CO*45*40.36~REF*6R*282666-3600~AMT*B6*79.64~LX*9~CLP*2009-5467*1*150*102.35**VA*H292X15PL0000*02*1~NM1*QC*1*COOPER*BYRON*A***MI*1015958826V189285~DTM*050*20211019~AMT*AU*102.35~SVC*HC:90837:95*150*102.35~DTM*472*20210919~CAS*CO*45*47.65~REF*6R*2842009-5467~AMT*B6*102.35~LX*10~CLP*750-3601*1*150*0**VA*H292X15PM0000*02*1~NM1*QC*1*TRAVIS*RUNNELS****MI*758625551~DTM*050*20211019~SVC*HC:90837:95*150*0~DTM*472*20210806~CAS*CO*288*150~REF*6R*286750-3601~LQ*HE*N489~LX*11~CLP*404-3189*1*120*0**VA*H292X18ZX0000*11*1~NM1*QC*1*WHITE*GEORGE*G***MI*1004043552V466555~DTM*050*20211019~SVC*HC:90834:95*120*0~DTM*472*20210720~CAS*CO*288*120~REF*6R*757404-3189~LQ*HE*N489~LX*12~CLP*404-2063*1*120*0**VA*H292X18ZY0000*11*1~NM1*QC*1*WHITE*GEORGE*G***MI*1004043552V466555~DTM*050*20211019~SVC*HC:90834:95*120*0~DTM*472*20210518~CAS*CO*288*120~REF*6R*758404-2063~LQ*HE*N489~LX*13~CLP*404-3187*1*120*0**VA*H292X18ZZ0000*11*1~NM1*QC*1*WHITE*GEORGE*G***MI*1004043552V466555~DTM*050*20211019~SVC*HC:90834:95*120*0~DTM*472*20210713~CAS*CO*288*120~REF*6R*759404-3187~LQ*HE*N489~LX*14~CLP*404-3185*1*120*0**VA*H292X19000000*11*1~NM1*QC*1*WHITE*GEORGE*G***MI*1004043552V466555~DTM*050*20211019~SVC*HC:90834:95*120*0~DTM*472*20210706~CAS*CO*288*120~REF*6R*760404-3185~LQ*HE*N489~SE*145*0001~GE*1*884387588~IEA*1*884387588~