ISA*00*          *00*          *ZZ*330897513      *ZZ*MEDBOSSC       *210624*0248*^*00501*845280733*0*P*:~GS*HP*330897513*MEDBOSSC*20210624*0248*845280733*X*005010X221A1~ST*835*0001~BPR*I*74.68*C*ACH*CCP*01*121301015*DA*01-015559*1990040115**01*321370765*DA*81020-75433*20210628~TRN*1*4169979*1990040115~N1*PR*HAWAII MEDICAL SERVICE ASSOCIATION~N3*P.O. BOX 1346~N4*HONOLULU*HI*96807~PER*BL*ETS*TE*8089486355~N1*PE*SERENITY COUNSELING SERVICES HAWAII*XX*1588011043~N3*10641 WINDSMOUNT CT~N4*LEHIGH ACRES*FL*33936~REF*TJ*812344400~LX*1~CLP*559-940*1*120*74.68*30*12*F11169091993~NM1*QC*1*THOMAS*SARAH****MI*R60652621~NM1*IL*1*THOMAS*SARAH*E***MI*R60652621~NM1*82*1*LINARES*DAVID****XX*1699008045~DTM*232*20210510~AMT*AU*120~SVC*HC:90834:95*120*74.68~CAS*CO*45*15.32~CAS*PR*3*30~REF*6R*584559-940~AMT*B6*104.68~SE*24*0001~ST*835*0002~BPR*I*491.12*C*ACH*CCP*01*121301015*DA*01076140*1990040115**01*321370765*DA*8102075433*20210624~TRN*1*1976695*1990040115~REF*F2*5.40~DTM*405*20210619~N1*PR*HAWAII MEDICAL SERVICE ASSOCIATION~N3*818 KEEAUMOKU ST~N4*HONOLULU*HI*96814~PER*BL*ETS*TE*8089486355~N1*PE*SERENITY COUNSELING SERVICES HAWAII LLC*XX*1588011043~REF*TJ*812344400~LX*1~CLP*928388499*1*175*107.58**MC*21169E000015*11~NM1*QC*1*NILO*DANIELJAM****MI*0002538331~NM1*74*1**DANIELJAM**N~NM1*82*1*WATERS*LORI*M***XX*1760854152~DTM*232*20210215~DTM*233*20210215~DTM*050*20210617~AMT*AU*107.58~SVC*HC:90837:95*175*107.58~CAS*CO*45*67.42~REF*6R*928747493~AMT*B6*107.58~CLP*928448488*1*175*107.58**MC*21169E000285*11~NM1*QC*1*NILO*DANIELJAM****MI*0002538331~NM1*74*1**DANIELJAM**N~NM1*82*1*WATERS*LORI*M***XX*1760854152~DTM*232*20210412~DTM*233*20210412~DTM*050*20210617~AMT*AU*107.58~SVC*HC:90837:95*175*107.58~CAS*CO*45*67.42~REF*6R*928850470~AMT*B6*107.58~CLP*928443855*1*175*107.58**MC*21169E000308*11~NM1*QC*1*NILO*DANIELJAM****MI*0002538331~NM1*74*1**DANIELJAM**N~NM1*82*1*WATERS*LORI*M***XX*1760854152~DTM*232*20210315~DTM*233*20210315~DTM*050*20210617~AMT*AU*107.58~SVC*HC:90837:95*175*107.58~CAS*CO*45*67.42~REF*6R*928842976~AMT*B6*107.58~CLP*640-927*1*120*68.38**MC*21169E002032*11~NM1*QC*1*DIGIOVANNI*JOURNIE****MI*0002595228~NM1*74*1***C~NM1*82*2*LINARES*****XX*1699008045~DTM*232*20210509~DTM*233*20210509~DTM*050*20210617~AMT*AU*68.38~SVC*HC:90834:95*120*68.38~CAS*CO*45*51.62~REF*6R*884640-927~AMT*B6*68.38~CLP*510-967*1*180*100**MC*21169E002201*11~NM1*QC*1*DEGRAFTTURKSON*VELMA****MI*0000022035~NM1*74*1***W~NM1*82*2*LINARES*****XX*1699008045~DTM*232*20210514~DTM*233*20210514~DTM*050*20210617~AMT*AU*100~SVC*HC:90791:95*180*100~CAS*CO*45*80~REF*6R*803510-967~AMT*B6*100~CLP*928282413*1*175*0**MC*21170E000258*11~NM1*QC*1*BRONIOLA*DEBORA****MI*0000672360~NM1*82*1*BOJANOWSKI*JENNIFER*D***XX*1699007427~DTM*232*20201231~DTM*233*20201231~DTM*050*20210618~SVC*HC:90837:95*175*0~CAS*OA*18*175~REF*6R*928543224~LQ*HE*N522~SE*83*0002~GE*2*845280733~IEA*1*845280733~