ISA*00*          *00*          *ZZ*330897513      *ZZ*MEDBOSSC       *210827*0614*^*00501*865745205*0*P*:~GS*HP*330897513*MEDBOSSC*20210827*0614*865745205*X*005010X221A1~ST*835*0001~BPR*H*0*C*NON************20210824~TRN*1*212360539*1990263440~REF*F2*5.40~N1*PR*UNIVERSITY HEALTH ALLIANCE~N3*700 BISHOP STREET SUITE 300~N4*HONOLULU*HI*96813~PER*CX*HOWARD LEE*TE*8085324000~PER*BL*HOWARD LEE*TE*8085324000~N1*PE*SERENITY COUNSELING SERVICES HAWAII, LLC*XX*1588011043~N3*94-1261 LUMIKULA ST, # 3U~N4*WAIPAHU*HI*96797~REF*TJ*812344400~REF*PQ*812344400~LX*1~CLP*92893149*1*190*0**16*2122530486*11~NM1*QC*1*LUM*KEITH****MI*335226878-01~NM1*82*1*FERREIRA*LORI****XX*1811143126~DTM*232*20200905~DTM*233*20200905~DTM*050*20210813~SVC*HC:90791:95*190*0~CAS*OA*18*190~LQ*HE*N111~SE*25*0001~GE*1*865745205~IEA*1*865745205~