ISA*00*          *00*          *ZZ*330897513      *ZZ*MEDBOSSC       *211014*0241*^*00501*881701482*0*P*:~GS*HP*330897513*MEDBOSSC*20211014*0241*881701482*X*005010X221A1~ST*835*0001~BPR*I*996.52*C*ACH*CCP*01*121301015*DA*01076140*1990040115**01*321370765*DA*8102075433*20211014~TRN*1*2005376*1990040115~REF*F2*5.40~DTM*405*20211007~N1*PR*HAWAII MEDICAL SERVICE ASSOCIATION~N3*818 KEEAUMOKU ST~N4*HONOLULU*HI*96814~PER*BL*ETS*TE*8089486355~N1*PE*SERENITY COUNSELING SERVICES HAWAII LLC*XX*1588011043~REF*TJ*812344400~LX*1~CLP*2015-4699*1*150*0**MC*21270E006424*11~NM1*QC*1*DUENAS*TRON****MI*0000748206~NM1*74*1***K~NM1*82*2*PLAYTER*****XX*1013394097~NM1*PR*2*HMSA WITH DRUG RIDER (47)*****PI*QCR0000000169~DTM*232*20210914~DTM*233*20210914~DTM*050*20210926~SVC*HC:90837:95*150*0~CAS*CO*252*150~REF*6R*814171511L904328341~LQ*HE*N4~CLP*2015-4490*1*90*0**MC*21270E006604*11~NM1*QC*1*DUENAS*TRON****MI*0000748206~NM1*74*1***K~NM1*82*2*PLAYTER*****XX*1013394097~NM1*PR*2*HMSA WITH DRUG RIDER (47)*****PI*QCR0000000169~DTM*232*20210907~DTM*233*20210907~DTM*050*20210926~SVC*HC:90832:95*90*0~CAS*CO*252*90~REF*6R*814171489L904328313~LQ*HE*N4~CLP*669-4145*1*120*68.38**MC*21279E001687*02~NM1*QC*1*KAHAPEA*JONAH****MI*0000846147~NM1*74*1***H~NM1*82*2*FERREIRA*****XX*1811143126~DTM*232*20210311~DTM*233*20210311~DTM*050*20211005~AMT*AU*68.38~SVC*HC:90834:95*120*68.38~CAS*CO*45*51.62~REF*6R*395669-4145~AMT*B6*68.38~CLP*669-4148*1*120*68.38**MC*21279E001870*02~NM1*QC*1*KAHAPEA*JONAH****MI*0000846147~NM1*74*1***H~NM1*82*2*FERREIRA*****XX*1811143126~DTM*232*20210204~DTM*233*20210204~DTM*050*20211005~AMT*AU*68.38~SVC*HC:90834:95*120*68.38~CAS*CO*45*51.62~REF*6R*398669-4148~AMT*B6*68.38~CLP*669-4142*1*120*68.38**MC*21279E001879*02~NM1*QC*1*KAHAPEA*JONAH****MI*0000846147~NM1*74*1***H~NM1*82*2*FERREIRA*****XX*1811143126~DTM*232*20210408~DTM*233*20210408~DTM*050*20211005~AMT*AU*68.38~SVC*HC:90834:95*120*68.38~CAS*CO*45*51.62~REF*6R*392669-4142~AMT*B6*68.38~CLP*669-4149*1*120*68.38**MC*21279E001917*02~NM1*QC*1*KAHAPEA*JONAH****MI*0000846147~NM1*74*1***H~NM1*82*2*FERREIRA*****XX*1811143126~DTM*232*20210121~DTM*233*20210121~DTM*050*20211005~AMT*AU*68.38~SVC*HC:90834:95*120*68.38~CAS*CO*45*51.62~REF*6R*400669-4149~AMT*B6*68.38~CLP*1947-5212*1*120*68.38**MC*21279E001966*02~NM1*QC*1*PIMENTAL*MICAH****MI*0002548960~NM1*74*1***K~NM1*82*2*LINARES*****XX*1699008045~DTM*232*20211001~DTM*233*20211001~DTM*050*20211005~AMT*AU*68.38~SVC*HC:90834:95*120*68.38~CAS*CO*45*51.62~REF*6R*3881947-5212~AMT*B6*68.38~CLP*669-4143*1*120*68.38**MC*21279E001976*02~NM1*QC*1*KAHAPEA*JONAH****MI*0000846147~NM1*74*1***H~NM1*82*2*FERREIRA*****XX*1811143126~DTM*232*20210329~DTM*233*20210329~DTM*050*20211005~AMT*AU*68.38~SVC*HC:90834:95*120*68.38~CAS*CO*45*51.62~REF*6R*396669-4143~AMT*B6*68.38~CLP*669-4146*1*120*68.38**MC*21279E001994*02~NM1*QC*1*KAHAPEA*JONAH****MI*0000846147~NM1*74*1***H~NM1*82*2*FERREIRA*****XX*1811143126~DTM*232*20210304~DTM*233*20210304~DTM*050*20211005~AMT*AU*68.38~SVC*HC:90834:95*120*68.38~CAS*CO*45*51.62~REF*6R*399669-4146~AMT*B6*68.38~CLP*669-4147*1*120*68.38**MC*21279E002034*02~NM1*QC*1*KAHAPEA*JONAH****MI*0000846147~NM1*74*1***H~NM1*82*2*FERREIRA*****XX*1811143126~DTM*232*20210211~DTM*233*20210211~DTM*050*20211005~AMT*AU*68.38~SVC*HC:90834:95*120*68.38~CAS*CO*45*51.62~REF*6R*397669-4147~AMT*B6*68.38~CLP*669-4152*1*120*68.38**MC*21279E002046*02~NM1*QC*1*KAHAPEA*JONAH****MI*0000846147~NM1*74*1***H~NM1*82*2*FERREIRA*****XX*1811143126~DTM*232*20210107~DTM*233*20210107~DTM*050*20211005~AMT*AU*68.38~SVC*HC:90834:95*120*68.38~CAS*CO*45*51.62~REF*6R*401669-4152~AMT*B6*68.38~CLP*669-4151*1*120*68.38**MC*21279E002050*02~NM1*QC*1*KAHAPEA*JONAH****MI*0000846147~NM1*74*1***H~NM1*82*2*FERREIRA*****XX*1811143126~DTM*232*20210114~DTM*233*20210114~DTM*050*20211005~AMT*AU*68.38~SVC*HC:90834:95*120*68.38~CAS*CO*45*51.62~REF*6R*394669-4151~AMT*B6*68.38~CLP*669-4144*1*120*68.38**MC*21279E002058*02~NM1*QC*1*KAHAPEA*JONAH****MI*0000846147~NM1*74*1***H~NM1*82*2*FERREIRA*****XX*1811143126~DTM*232*20210318~DTM*233*20210318~DTM*050*20211005~AMT*AU*68.38~SVC*HC:90834:95*120*68.38~CAS*CO*45*51.62~REF*6R*393669-4144~AMT*B6*68.38~CLP*2023-5289*1*120*68.38**MC*21279E002060*02~NM1*QC*1*GALERA*JENNIE****MI*0002299881~NM1*74*1***C~NM1*82*2*PLAYTER*****XX*1013394097~DTM*232*20211004~DTM*233*20211004~DTM*050*20211005~AMT*AU*68.38~SVC*HC:90834:95*120*68.38~CAS*CO*45*51.62~REF*6R*2902023-5289~AMT*B6*68.38~CLP*858-4072*1*220*107.58**MC*21280E002501*02~NM1*QC*1*CHUN*MARIAH****MI*0000806519~NM1*74*1***N~NM1*82*2*PLAYTER*****XX*1013394097~DTM*232*20210824~DTM*233*20210824~DTM*050*20211006~AMT*AU*107.58~SVC*HC:90839:95*220*107.58~CAS*CO*45*112.42~REF*6R*723858-4072~AMT*B6*107.58~CLP*897-3684*1*120*68.38**MC*21280E002655*02~NM1*QC*1*PEITERSON*SCOTT****MI*0002449442~NM1*82*2*LINARES*****XX*1699008045~DTM*232*20210809~DTM*233*20210809~DTM*050*20211006~AMT*AU*68.38~SVC*HC:90834:95*120*68.38~CAS*CO*45*51.62~REF*6R*791897-3684~AMT*B6*68.38~SE*204*0001~GE*1*881701482~IEA*1*881701482~