ISA*00*          *00*          *ZZ*330897513      *ZZ*MEDBOSSC       *210617*1208*^*00501*842731211*0*P*:~GS*HP*330897513*MEDBOSSC*20210617*1208*842731211*X*005010X221A1~ST*835*0001~BPR*I*85*C*ACH*CCP*01*051404260*DA*252781161*1541414194**01*321370765*DA*8102075433*20210618~TRN*1*0000510610*1541414194~N1*PR*BEACON HEALTH OPTIONS, INC.~N3*ATTN FINANCE DEPT~N4*NORFOLK*VA*23502~REF*2U*FDX~PER*BL*VALUEOPTIONS EDI HELPDESK*TE*8882479311*EM*ESUPPORTSERVICES@VALUEOPTIONS.COM~N1*PE*SERENITY COUNSELING SERVICES H*XX*1699008045~N3*99-149 MOANALUA RD*STE 201~N4*AIEA*HI*967014001~REF*TJ*812344400~LX*1~CLP*0*4*60*0**13*06   060521 04065 00004*11~NM1*QC*1*CALLOWAY*DELMESHA*S***MI*1114018~NM1*IL*1*CALLOWAY*DELMESHA*S***MI*1114018~NM1*82*2*LINARES, DAVID*****XX*1699008045~REF*1W*1114018~REF*1J*E202862~SVC*HC:AEA:60*60*0~DTM*472*20210604~CAS*CO*16*60~REF*6R*001~LQ*HE*N54~CLP*0*1*85*85**13*06   060821 04065 00012*11~NM1*QC*1*GILL*MARIA****MI*483874~NM1*IL*1*GILL*MARIA****MI*483874~NM1*82*2*LINARES, DAVID*****XX*1699008045~REF*1W*483874~REF*1J*E202862~SVC*HC:AEA:60*85*85~DTM*472*20210607~REF*6R*001~AMT*B6*85~SE*35*0001~ST*835*0002~BPR*I*170*C*ACH*CCP*01*051404260*DA*252781161*1541414194**01*321370765*DA*8102075433*20210618~TRN*1*0000509646*1541414194~N1*PR*BEACON HEALTH OPTIONS, INC.~N3*ATTN FINANCE DEPT~N4*NORFOLK*VA*23502~REF*2U*FDX~PER*BL*VALUEOPTIONS EDI HELPDESK*TE*8882479311*EM*ESUPPORTSERVICES@VALUEOPTIONS.COM~N1*PE*SERENITY COUNSELING SERVICES H*XX*1699008045~N3*99-149 MOANALUA RD*STE 201~N4*AIEA*HI*967014001~REF*TJ*812344400~LX*1~CLP*0*1*85*85**13*06   060421 04065 00462*11~NM1*QC*1*HANSON*DANE*M***MI*804114~NM1*IL*1*HANSON*DANE*M***MI*804114~NM1*82*2*LINARES, DAVID*****XX*1699008045~REF*1W*804114~REF*1J*E202862~SVC*HC:AEA:60*85*85~DTM*472*20210604~REF*6R*001~AMT*B6*85~CLP*0*1*85*85**13*06   060421 04065 00367*11~NM1*QC*1*HAYGOOD*KATHERINE*N***MI*9333~NM1*IL*1*HAYGOOD*KATHERINE*N***MI*9333~NM1*82*2*LINARES, DAVID*****XX*1699008045~REF*1W*9333~REF*1J*E202862~SVC*HC:AEA:60*85*85~DTM*472*20210604~REF*6R*001~AMT*B6*85~SE*34*0002~ST*835*0003~BPR*I*85*C*ACH*CCP*01*051404260*DA*252781161*1541414194**01*321370765*DA*8102075433*20210618~TRN*1*0000510706*1541414194~N1*PR*BEACON HEALTH OPTIONS, INC.~N3*ATTN FINANCE DEPT~N4*NORFOLK*VA*23502~REF*2U*FDX~PER*BL*VALUEOPTIONS EDI HELPDESK*TE*8882479311*EM*ESUPPORTSERVICES@VALUEOPTIONS.COM~N1*PE*SERENITY COUNSELING SERVICES H*XX*1699008045~N3*10641 WINDSMONT CT~N4*LEHIGH ACRES*FL*339367268~REF*TJ*812344400~LX*1~CLP*0*1*85*85**13*06   060621 04065 00096*11~NM1*QC*1*PEGRAM*CASEY*E***MI*1077485~NM1*IL*1*PEGRAM*CASEY*E***MI*1077485~NM1*82*2*LINARES, DAVID*****XX*1699008045~REF*1W*1077485~REF*1J*E824169~SVC*HC:AEA:60*85*85~DTM*472*20210606~REF*6R*001~AMT*B6*85~SE*24*0003~ST*835*0004~BPR*I*170*C*ACH*CCP*01*051404260*DA*252781161*1541414194**01*321370765*DA*8102075433*20210618~TRN*1*0000510278*1541414194~N1*PR*BEACON HEALTH OPTIONS, INC.~N3*ATTN FINANCE DEPT~N4*NORFOLK*VA*23502~REF*2U*FDX~PER*BL*VALUEOPTIONS EDI HELPDESK*TE*8882479311*EM*ESUPPORTSERVICES@VALUEOPTIONS.COM~N1*PE*SERENITY COUNSELING SERVICES H*XX*1699008045~N3*10641 WINDSMONT CT~N4*LEHIGH ACRES*FL*339367268~REF*TJ*812344400~LX*1~CLP*0*1*85*85**13*06   060421 04065 00388*11~NM1*QC*1*HAGAR*CHELSEA*R***MI*1113298~NM1*IL*1*HAGAR*CHELSEA*R***MI*1113298~NM1*82*2*LINARES, DAVID*****XX*1699008045~REF*1W*1113298~REF*1J*E824169~SVC*HC:AEA:60*85*85~DTM*472*20210604~REF*6R*001~AMT*B6*85~CLP*0*1*85*85**13*06   060521 04065 00155*11~NM1*QC*1*TOVAR*JOSHUA*L***MI*259492~NM1*IL*1*TOVAR*JOSHUA*L***MI*259492~NM1*82*2*LINARES, DAVID*****XX*1699008045~REF*1W*259492~REF*1J*E824169~SVC*HC:AEA:60*85*85~DTM*472*20210605~REF*6R*001~AMT*B6*85~SE*34*0004~ST*835*0005~BPR*I*170*C*ACH*CCP*01*051404260*DA*252781161*1541414194**01*321370765*DA*8102075433*20210618~TRN*1*0000510134*1541414194~N1*PR*BEACON HEALTH OPTIONS, INC.~N3*ATTN FINANCE DEPT~N4*NORFOLK*VA*23502~REF*2U*FDX~PER*BL*VALUEOPTIONS EDI HELPDESK*TE*8882479311*EM*ESUPPORTSERVICES@VALUEOPTIONS.COM~N1*PE*SERENITY COUNSELING SERVICES H*XX*1699008045~N3*99-149 MOANALUA RD*STE 201~N4*AIEA*HI*967014001~REF*TJ*812344400~LX*1~CLP*0*4*60*0**13*06   060521 04065 00219*11~NM1*QC*1*HAGAR*CHELSEA*R***MI*1113298~NM1*IL*1*HAGAR*CHELSEA*R***MI*1113298~NM1*82*2*LINARES, DAVID*****XX*1699008045~REF*1W*1113298~REF*1J*E202862~SVC*HC:AEA:60*60*0~DTM*472*20210605~CAS*CO*16*60~REF*6R*001~LQ*HE*N54~CLP*0*1*85*85**13*06   060421 04065 00401*11~NM1*QC*1*NOZAKI*SCOTT*F***MI*1114819~NM1*IL*1*NOZAKI*SCOTT*F***MI*1114819~NM1*82*2*LINARES, DAVID*****XX*1699008045~REF*1W*1114819~REF*1J*E202862~SVC*HC:AEA:60*85*85~DTM*472*20210604~REF*6R*001~AMT*B6*85~CLP*0*1*85*85**13*06   060721 04065 00355*11~NM1*QC*1*TOVAR*JOSHUA*L***MI*259492~NM1*IL*1*TOVAR*JOSHUA*L***MI*259492~NM1*82*2*LINARES, DAVID*****XX*1699008045~REF*1W*259492~REF*1J*E202862~SVC*HC:AEA:60*85*85~DTM*472*20210607~REF*6R*001~AMT*B6*85~SE*45*0005~GE*5*842731211~IEA*1*842731211~