ISA*00*          *00*          *ZZ*330897513      *ZZ*MEDBOSSC       *210928*1206*^*00501*875702101*0*P*:~GS*HP*330897513*MEDBOSSC*20210928*1206*875702101*X*005010X221A1~ST*835*0001~BPR*I*593.96*C*ACH*CCP*01*121301028*DA*0006883451*1990309519**01*321370765*DA*8102075433*20210929~TRN*1*30254280*1990309519~DTM*405*20210927~N1*PR*ALOHACARE~N3*1357 KAPIOLANI BLVD*SUITE 1250~N4*HONOLULU*HI*96814~REF*2U*MEDICAID752777124~PER*BL*ALOHACARE EDI*TE*8089731650*EM*EDI@ALOHACARE.ORG~N1*PE*SERENITY COUNSELING SERVICES HAWAII*XX*1588011043~N3*99-149 MOANALUA RD RM 201~N4*AIEA*HI*96701~REF*TJ*812344400~LX*1~CLP*920-4868*1*120*48.42**MC*2126592174*02*1~NM1*QC*1*HAUSER*TYLER****MI*0002552803~NM1*82*1*FERREIRA*LORI*M***XX*1811143126~DTM*232*20210803~DTM*233*20210803~AMT*AU*48.42~SVC*HC:90834:95*120*48.42~DTM*472*20210803~CAS*CO*45*71.58~REF*6R*814172129L904330193~AMT*B6*48.42~CLP*920-4864*1*120*48.42**MC*2126592176*02*1~NM1*QC*1*HAUSER*TYLER****MI*0002552803~NM1*82*1*FERREIRA*LORI*M***XX*1811143126~DTM*232*20210720~DTM*233*20210720~AMT*AU*48.42~SVC*HC:90834:95*120*48.42~DTM*472*20210720~CAS*CO*45*71.58~REF*6R*814172114L904330117~AMT*B6*48.42~CLP*920-4866*1*120*48.42**MC*2126592192*02*1~NM1*QC*1*HAUSER*TYLER****MI*0002552803~NM1*82*1*FERREIRA*LORI*M***XX*1811143126~DTM*232*20210728~DTM*233*20210728~AMT*AU*48.42~SVC*HC:90834:95*120*48.42~DTM*472*20210728~CAS*CO*45*71.58~REF*6R*814172118L904330135~AMT*B6*48.42~CLP*920-4876*1*120*48.42**MC*2126592203*02*1~NM1*QC*1*HAUSER*TYLER****MI*0002552803~NM1*82*1*FERREIRA*LORI*M***XX*1811143126~DTM*232*20210831~DTM*233*20210831~AMT*AU*48.42~SVC*HC:90834:95*120*48.42~DTM*472*20210831~CAS*CO*45*71.58~REF*6R*814172192L904330370~AMT*B6*48.42~CLP*920-4881*1*120*48.42**MC*2126592237*02*1~NM1*QC*1*HAUSER*TYLER****MI*0002552803~NM1*82*1*FERREIRA*LORI*M***XX*1811143126~DTM*232*20210915~DTM*233*20210915~AMT*AU*48.42~SVC*HC:90834:95*120*48.42~DTM*472*20210915~CAS*CO*45*71.58~REF*6R*814172202L904330396~AMT*B6*48.42~CLP*920-4878*1*120*48.42**MC*2126592258*02*1~NM1*QC*1*HAUSER*TYLER****MI*0002552803~NM1*82*1*FERREIRA*LORI*M***XX*1811143126~DTM*232*20210907~DTM*233*20210907~AMT*AU*48.42~SVC*HC:90834:95*120*48.42~DTM*472*20210907~CAS*CO*45*71.58~REF*6R*814172197L904330387~AMT*B6*48.42~CLP*920-4874*1*120*48.42**MC*2126592259*02*1~NM1*QC*1*HAUSER*TYLER****MI*0002552803~NM1*82*1*FERREIRA*LORI*M***XX*1811143126~DTM*232*20210824~DTM*233*20210824~AMT*AU*48.42~SVC*HC:90834:95*120*48.42~DTM*472*20210824~CAS*CO*45*71.58~REF*6R*814172186L904330347~AMT*B6*48.42~CLP*920-4861*1*120*48.42**MC*2126592285*02*1~NM1*QC*1*HAUSER*TYLER****MI*0002552803~NM1*82*1*FERREIRA*LORI*M***XX*1811143126~DTM*232*20210713~DTM*233*20210713~AMT*AU*48.42~SVC*HC:90834:95*120*48.42~DTM*472*20210713~CAS*CO*45*71.58~REF*6R*814172109L904330097~AMT*B6*48.42~CLP*920-4870*1*120*48.42**MC*2126592288*02*1~NM1*QC*1*HAUSER*TYLER****MI*0002552803~NM1*82*1*FERREIRA*LORI*M***XX*1811143126~DTM*232*20210810~DTM*233*20210810~AMT*AU*48.42~SVC*HC:90834:95*120*48.42~DTM*472*20210810~CAS*CO*45*71.58~REF*6R*814172133L904330218~AMT*B6*48.42~CLP*920-4872*1*120*48.42**MC*2126592351*02*1~NM1*QC*1*HAUSER*TYLER****MI*0002552803~NM1*82*1*FERREIRA*LORI*M***XX*1811143126~DTM*232*20210817~DTM*233*20210817~AMT*AU*48.42~SVC*HC:90834:95*120*48.42~DTM*472*20210817~CAS*CO*45*71.58~REF*6R*814172176L904330314~AMT*B6*48.42~LX*2~CLP*705-4791*1*150*109.76**MC*2126693183*11*1~NM1*QC*1*TURNBOW*LUCKY*B***MI*0002449003~NM1*82*1*PLAYTER*AILEEN*T***XX*1013394097~DTM*232*20210917~DTM*233*20210917~AMT*AU*109.76~SVC*HC:90837:95*150*109.76~DTM*472*20210917~CAS*CO*45*40.24~REF*6R*034705-4791~AMT*B6*109.76~SE*137*0001~GE*1*875702101~IEA*1*875702101~