ISA*00*          *00*          *ZZ*330897513      *ZZ*MEDBOSSC       *211026*0703*^*00501*885414184*0*P*:~GS*HP*330897513*MEDBOSSC*20211026*0703*885414184*X*005010X221A1~ST*835*0001~BPR*I*69.18*C*ACH*CCP*01*043301627*DA*1077670664*1571132733*000000000*01*321370765*DA*8102075433*20211027~TRN*1*5056168295TR2*1571132733*000000000~REF*EV*7GW0013CA3~REF*F2*1588011043    R88011022003458~DTM*405*20211022~N1*PR*PGBA,LLC~N3*TRICARE WEST REGION CLAIMS*P.O. BOX 202112~N4*FLORENCE*SC*295022112~PER*CX*TRICARE WEST REGION CLAIMS CORRESPONDENCE*TE*8448669378~PER*BL*TRICARE ELECTRONIC CLAIMS SERVICE CENTER*TE*8003255920~N1*PE*SERENITY COUNSELING SERVICES*XX*1588011043~N3*201*99-149 MOANALUA RD~N4*AIEA*HI*96701~REF*TJ*812344400~LX*1~CLP*620-2825*1*120*69.18**CH*H292X3ZYL0000*02*1~NM1*QC*1*JOHNSON*MIHO****HN*620-2825~NM1*IL*1*JOHNSON*COREY*S***MI*105566554~NM1*82*1*FERREIRA*LORI****XX*1811143126~REF*1H*576766277~DTM*050*20211019~AMT*AU*69.18~SVC*HC:90834:95*120*69.18~DTM*472*20210515~CAS*CO*45*50.82~REF*6R*546620-2825~AMT*B6*69.18~SE*29*0001~GE*1*885414184~IEA*1*885414184~