ISA*00*          *00*          *ZZ*330897513      *ZZ*MEDBOSSC       *211015*1210*^*00501*881867448*0*P*:~GS*HP*330897513*MEDBOSSC*20211015*1210*881867448*X*005010X221A1~ST*835*0001~BPR*I*170*C*ACH*CCP*01*051404260*DA*252781161*1541414194**01*321370765*DA*8102075433*20211018~TRN*1*0000535591*1541414194~N1*PR*BEACON HEALTH OPTIONS, INC.~N3*ATTN FINANCE DEPT~N4*NORFOLK*VA*23502~REF*2U*FDX~PER*BL*VALUEOPTIONS EDI HELPDESK*TE*8882479311*EM*ESUPPORTSERVICES@VALUEOPTIONS.COM~N1*PE*SERENITY COUNSELING SERVICES H*XX*1699008045~N3*10641 WINDSMONT CT~N4*LEHIGH ACRES*FL*339367268~REF*TJ*812344400~LX*1~CLP*0*4*60*0**13*06   101121 04065 00147*11~NM1*QC*1*GAITHER*ANDREW*J***MI*1102587~NM1*IL*1*GAITHER*ANDREW*J***MI*1102587~NM1*82*2*LINARES, DAVID*****XX*1699008045~REF*1W*1102587~REF*1J*E824169~SVC*HC:AEA:60*60*0~DTM*472*20211011~CAS*CO*16*60~REF*6R*001~LQ*HE*N54~CLP*0*4*60*0**13*06   100821 04065 00431*11~NM1*QC*1*MCLEAN*KEREECE*F***MI*1039274~NM1*IL*1*MCLEAN*KEREECE*F***MI*1039274~NM1*82*2*LINARES, DAVID*****XX*1699008045~REF*1W*1039274~REF*1J*E824169~SVC*HC:AEA:60*60*0~DTM*472*20211008~CAS*CO*16*60~REF*6R*001~LQ*HE*N54~CLP*0*1*60*85**13*06   101121 04065 00463*11~NM1*QC*1*SELF*JEFFREY*T***MI*386917~NM1*IL*1*SELF*JEFFREY*T***MI*386917~NM1*82*2*LINARES, DAVID*****XX*1699008045~REF*1W*386917~REF*1J*E824169~SVC*HC:AEA:60*60*85~DTM*472*20211011~REF*6R*001~AMT*B6*85~CLP*0*4*60*0**13*06   101121 04065 00137*11~NM1*QC*1*TOVAR*JOSHUA*L***MI*259492~NM1*IL*1*TOVAR*JOSHUA*L***MI*259492~NM1*82*2*LINARES, DAVID*****XX*1699008045~REF*1W*259492~REF*1J*E824169~SVC*HC:AEA:60*60*0~DTM*472*20210927~CAS*CO*16*60~REF*6R*001~LQ*HE*N54~CLP*0*1*60*85**13*06   101121 04065 00484*11~NM1*QC*1*WORRELL*JAMES****MI*1061422~NM1*IL*1*WORRELL*JAMES****MI*1061422~NM1*82*2*LINARES, DAVID*****XX*1699008045~REF*1W*1061422~REF*1J*E824169~SVC*HC:AEA:60*60*85~DTM*472*20211011~REF*6R*001~AMT*B6*85~SE*67*0001~ST*835*0002~BPR*I*170*C*ACH*CCP*01*051404260*DA*252781161*1541414194**01*321370765*DA*8102075433*20211018~TRN*1*0000536044*1541414194~N1*PR*BEACON HEALTH OPTIONS, INC.~N3*ATTN FINANCE DEPT~N4*NORFOLK*VA*23502~REF*2U*FDX~PER*BL*VALUEOPTIONS EDI HELPDESK*TE*8882479311*EM*ESUPPORTSERVICES@VALUEOPTIONS.COM~N1*PE*SERENITY COUNSELING SERVICES H*XX*1699008045~N3*10641 WINDSMONT CT~N4*LEHIGH ACRES*FL*339367268~REF*TJ*812344400~LX*1~CLP*0*4*60*0**13*06   101121 04065 00141*11~NM1*QC*1*MCKENZIE*PIERCE****MI*1111085~NM1*IL*1*MCKENZIE*PIERCE****MI*1111085~NM1*82*2*LINARES, DAVID*****XX*1699008045~REF*1W*1111085~REF*1J*E824169~SVC*HC:AEA:60*60*0~DTM*472*20211009~CAS*CO*16*60~REF*6R*001~LQ*HE*N54~CLP*0*4*60*0**13*06   101121 04065 00452*11~NM1*QC*1*RATHE*BROOKE*J***MI*1123559~NM1*IL*1*RATHE*BROOKE*J***MI*1123559~NM1*82*2*LINARES, DAVID*****XX*1699008045~REF*1W*1123559~REF*1J*E824169~SVC*HC:AEA:60*60*0~DTM*472*20211011~CAS*CO*16*60~REF*6R*001~LQ*HE*N54~CLP*0*1*60*85**13*06   101121 04065 00146*11~NM1*QC*1*SEVILLA*JULIA*L***MI*1130136~NM1*IL*1*SEVILLA*JULIA*L***MI*1130136~NM1*82*2*LINARES, DAVID*****XX*1699008045~REF*1W*1130136~REF*1J*E824169~SVC*HC:AEA:60*60*85~DTM*472*20211011~REF*6R*001~AMT*B6*85~CLP*0*1*60*85**13*06   101121 04065 00412*11~NM1*QC*1*WELLER*JEFFREY*W***MI*1143611~NM1*IL*1*WELLER*JEFFREY*W***MI*1143611~NM1*82*2*LINARES, DAVID*****XX*1699008045~REF*1W*1143611~REF*1J*E824169~SVC*HC:AEA:60*60*85~DTM*472*20211011~REF*6R*001~AMT*B6*85~SE*56*0002~ST*835*0003~BPR*I*425*C*ACH*CCP*01*051404260*DA*252781161*1541414194**01*321370765*DA*8102075433*20211018~TRN*1*0000535129*1541414194~N1*PR*BEACON HEALTH OPTIONS, INC.~N3*ATTN FINANCE DEPT~N4*NORFOLK*VA*23502~REF*2U*FDX~PER*BL*VALUEOPTIONS EDI HELPDESK*TE*8882479311*EM*ESUPPORTSERVICES@VALUEOPTIONS.COM~N1*PE*SERENITY COUNSELING SERVICES H*XX*1699008045~N3*10641 WINDSMONT CT~N4*LEHIGH ACRES*FL*339367268~REF*TJ*812344400~LX*1~CLP*0*1*60*85**13*06   100921 04065 00308*11~NM1*QC*1*AZOCAR*ESTEVAN****MI*1001652~NM1*IL*1*AZOCAR*ESTEVAN****MI*1001652~NM1*82*2*LINARES, DAVID*****XX*1699008045~REF*1W*1001652~REF*1J*E824169~SVC*HC:AEA:60*60*85~DTM*472*20211009~REF*6R*001~AMT*B6*85~CLP*0*1*60*85**13*06   100921 04065 00303*11~NM1*QC*1*CHAN*MONICA*M***MI*833265~NM1*IL*1*CHAN*MONICA*M***MI*833265~NM1*82*2*LINARES, DAVID*****XX*1699008045~REF*1W*833265~REF*1J*E824169~SVC*HC:AEA:60*60*85~DTM*472*20211009~REF*6R*001~AMT*B6*85~CLP*0*1*60*85**13*06   101121 04065 00261*11~NM1*QC*1*CUI*BAJUN*M***MI*908655~NM1*IL*1*CUI*BAJUN*M***MI*908655~NM1*82*2*LINARES, DAVID*****XX*1699008045~REF*1W*908655~REF*1J*E824169~SVC*HC:AEA:60*60*85~DTM*472*20211011~REF*6R*001~AMT*B6*85~CLP*0*1*60*85**13*06   100821 04065 00398*11~NM1*QC*1*LINGLEY*JEREMIAH*E***MI*368612~NM1*IL*1*LINGLEY*JEREMIAH*E***MI*368612~NM1*82*2*LINARES, DAVID*****XX*1699008045~REF*1W*368612~REF*1J*E824169~SVC*HC:AEA:60*60*85~DTM*472*20211008~REF*6R*001~AMT*B6*85~CLP*0*1*60*85**13*06   100821 04065 00391*11~NM1*QC*1*ORAVETZ*LOGAN*S***MI*1149764~NM1*IL*1*ORAVETZ*LOGAN*S***MI*1149764~NM1*82*2*LINARES, DAVID*****XX*1699008045~REF*1W*1149764~REF*1J*E824169~SVC*HC:AEA:60*60*85~DTM*472*20211008~REF*6R*001~AMT*B6*85~SE*64*0003~GE*3*881867448~IEA*1*881867448~