ISA*00*          *00*          *ZZ*330897513      *ZZ*MEDBOSSC       *211007*0700*^*00501*879401297*0*P*:~GS*HP*330897513*MEDBOSSC*20211007*0700*879401297*X*005010X221A1~ST*835*0001~BPR*I*333.03*C*ACH*CCP*01*121301015*DA*01076140*1990040115**01*321370765*DA*8102075433*20211007~TRN*1*2003501*1990040115~REF*F2*5.40~DTM*405*20211004~N1*PR*HAWAII MEDICAL SERVICE ASSOCIATION~N3*818 KEEAUMOKU ST~N4*HONOLULU*HI*96814~PER*BL*ETS*TE*8089486355~N1*PE*SERENITY COUNSELING SERVICES HAWAII LLC*XX*1588011043~REF*TJ*812344400~LX*1~CLP*2023-4924*1*90*49.49**MC*21272E002081*02~NM1*QC*1*GALERA*JENNIE****MI*0002299881~NM1*74*1***C~NM1*82*2*PLAYTER*****XX*1013394097~DTM*232*20210920~DTM*233*20210920~DTM*050*20210928~AMT*AU*49.49~SVC*HC:90832:95*90*49.49~CAS*CO*45*40.51~REF*6R*3612023-4924~AMT*B6*49.49~CLP*2023-4752*1*120*68.38**MC*21272E002259*02~NM1*QC*1*GALERA*JENNIE****MI*0002299881~NM1*74*1***C~NM1*82*2*PLAYTER*****XX*1013394097~DTM*232*20210914~DTM*233*20210914~DTM*050*20210928~AMT*AU*68.38~SVC*HC:90834:95*120*68.38~CAS*CO*45*51.62~REF*6R*3592023-4752~AMT*B6*68.38~CLP*2023-5145*1*150*107.58**MC*21273E002210*02~NM1*QC*1*GALERA*JENNIE****MI*0002299881~NM1*74*1***C~NM1*82*2*PLAYTER*****XX*1013394097~DTM*232*20210928~DTM*233*20210928~DTM*050*20210929~AMT*AU*107.58~SVC*HC:90837:95*150*107.58~CAS*CO*45*42.42~REF*6R*4912023-5145~AMT*B6*107.58~CLP*771-5126*1*150*107.58**MC*21277E002970*02~NM1*QC*1*MARTINEA*TRIPPET****MI*0002356610~NM1*74*1*TRIPPETT*MARTINEA~NM1*82*2*MATSUMOTO*****XX*1427398312~DTM*232*20210904~DTM*233*20210904~DTM*050*20211004~AMT*AU*107.58~SVC*HC:90837:95*150*107.58~CAS*CO*45*42.42~REF*6R*325771-5126~AMT*B6*107.58~SE*61*0001~GE*1*879401297~IEA*1*879401297~