ISA*00*          *00*          *ZZ*330897513      *ZZ*MEDBOSSC       *210729*1220*^*00501*856157866*0*P*:~GS*HP*330897513*MEDBOSSC*20210729*1220*856157866*X*005010X221A1~ST*835*0001~BPR*I*95.52*C*ACH*CCP*01*121301028*DA*0006883451*1990309519**01*321370765*DA*8102075433*20210730~TRN*1*30240782*1990309519~DTM*405*20210728~N1*PR*ALOHACARE~N3*1357 KAPIOLANI BLVD*SUITE 1250~N4*HONOLULU*HI*96814~REF*2U*MEDICAID752777124~PER*BL*ALOHACARE EDI*TE*8089731650*EM*EDI@ALOHACARE.ORG~N1*PE*SERENITY COUNSELING SERVICES HAWAII*XX*1588011043~N3*99-149 MOANALUA RD RM 201~N4*AIEA*HI*96701~REF*TJ*812344400~LX*1~CLP*741-3071*1*150*95.52**MC*2120792130*02*1~NM1*QC*1*EDOUARD*ANDREA*C***MI*0002184616~NM1*82*1*PLAYTER*AILEEN*T***XX*1013394097~DTM*232*20210722~DTM*233*20210722~AMT*AU*95.52~SVC*HC:90837:95*150*95.52~DTM*472*20210722~CAS*CO*45*54.48~REF*6R*653741-3071~AMT*B6*95.52~SE*26*0001~GE*1*856157866~IEA*1*856157866~