ISA*00*          *00*          *ZZ*330897513      *ZZ*MEDBOSSC       *210630*0717*^*00501*846906395*0*P*:~GS*HP*330897513*MEDBOSSC*20210630*0717*846906395*X*005010X221A1~ST*835*0001~BPR*I*117.6*C*CHK************20210629~TRN*1*0010554441TR1*1571132733~REF*EV*7GW0013CA3~REF*F2*1588011043    R88010629006554~DTM*405*20210629~N1*PR*PGBA,LLC~N3*TRICARE WEST REGION CLAIMS*P.O. BOX 202112~N4*FLORENCE*SC*295022112~PER*CX*TRICARE WEST REGION CLAIMS CORRESPONDENCE*TE*8448669378~PER*BL*TRICARE ELECTRONIC CLAIMS SERVICE CENTER*TE*8003255920~N1*PE*AIEA TOWN SQUARE*XX*1588011043~N3*99-149 MOANALUA RD.~N4*AIEA*HI*96701~REF*TJ*812344400~LX*1~CLP*928599837*1*175*117.6**CH*H179X1V3V0000*11*1~NM1*QC*1*CAPPS*TEIGAN*B***HN*928599837~NM1*IL*1*IMADA*AURALEE*A***MI*729127809~NM1*82*1*WATERS*LORI*M***XX*1760854152~REF*1H*524943302~DTM*050*20210628~AMT*AU*117.6~SVC*HC:90837:95*175*117.6~DTM*472*20210610~CAS*CO*45*57.4~REF*6R*9281110767~AMT*B6*117.6~PLB*812344400*20211231*WO:52117408214  0010487368 TR1*236.21*72:52117408214  0010487368 TR1*-236.21*WO:52117411243  0010506630 TR1*775.8*72:52117411243  0010506630 TR1*-775.8~SE*30*0001~ST*835*0002~BPR*H*0*C*NON************20210630~TRN*1*R88010629011029*1571132733~REF*EV*7GW0013CA3~REF*F2*1588011043    R88010629011029~DTM*405*20210629~N1*PR*PGBA,LLC~N3*TRICARE WEST REGION CLAIMS*P.O. BOX 202112~N4*FLORENCE*SC*295022112~PER*CX*TRICARE WEST REGION CLAIMS CORRESPONDENCE*TE*8448669378~PER*BL*TRICARE ELECTRONIC CLAIMS SERVICE CENTER*TE*8003255920~N1*PE*AIEA TOWN SQUARE*XX*1588011043~N3*99-149 MOANALUA RD.~N4*AIEA*HI*96701~REF*TJ*812344400~LX*1~CLP*928597704*1*175*0**CH*H177X02BZ0000*11*1~NM1*QC*1*MOOGAN*WILLIAM*G***HN*928597704~NM1*82*1*WATERS*LORI*M***XX*1760854152~REF*1H*524943302~DTM*050*20210626~SVC*HC:90837*175*0~DTM*472*20210524~CAS*CO*18*175~REF*6R*9281107003~LQ*HE*N522~LX*2~CLP*928392703*1*120*0**CH*H179X1V3X0000*11*1~NM1*QC*1*ALLEN*LETICIA*N***HN*928392703~NM1*82*1*PLAYTER*AILEEN*T***XX*1013394097~REF*1H*575843780~DTM*050*20210628~SVC*HC:90834:95*120*0~DTM*472*20210305~CAS*CO*197*120~REF*6R*928754538~SE*37*0002~GE*2*846906395~IEA*1*846906395~