ISA*00*          *00*          *ZZ*330897513      *ZZ*MEDBOSSC       *210610*0243*^*00501*840719085*0*P*:~GS*HP*330897513*MEDBOSSC*20210610*0243*840719085*X*005010X221A1~ST*835*0001~BPR*I*560.41*C*ACH*CCP*01*121301015*DA*01076140*1990040115**01*321370765*DA*8102075433*20210610~TRN*1*1973034*1990040115~REF*F2*5.40~DTM*405*20210604~N1*PR*HAWAII MEDICAL SERVICE ASSOCIATION~N3*818 KEEAUMOKU ST~N4*HONOLULU*HI*96814~PER*BL*ETS*TE*8089486355~N1*PE*SERENITY COUNSELING SERVICES HAWAII LLC*XX*1588011043~REF*TJ*812344400~LX*1~CLP*928543214*1*175*107.58**MC*21151E000462*11~NM1*QC*1*BIERENS*HELENA****MI*0001141216~NM1*74*1***M~NM1*82*2*MATSUMOTO*****XX*1427398312~DTM*232*20210502~DTM*233*20210502~DTM*050*20210530~AMT*AU*107.58~SVC*HC:90837:95*175*107.58~CAS*CO*45*67.42~REF*6R*9281014644~AMT*B6*107.58~CLP*928543218*1*175*107.58**MC*21151E000498*11~NM1*QC*1*TRIPPETT*MARTINEA****MI*0002356610~NM1*82*2*MATSUMOTO*****XX*1427398312~DTM*232*20210508~DTM*233*20210508~DTM*050*20210530~AMT*AU*107.58~SVC*HC:90837:95*175*107.58~CAS*CO*45*67.42~REF*6R*9281014649~AMT*B6*107.58~CLP*928543215*1*90*44.66**MC*21151E000507*11~NM1*QC*1*BASQUES-RODGERS*KEOLA****MI*0002129504~NM1*74*1***J~NM1*82*2*MATSUMOTO*****XX*1427398312~DTM*232*20210502~DTM*233*20210502~DTM*050*20210530~AMT*AU*44.66~SVC*HC:90832:95*90*44.66~CAS*CO*45*45.34~REF*6R*9281014645~AMT*B6*44.66~CLP*928543310*1*175*107.58**MC*21151E000581*11~NM1*QC*1*STEWART*STACEY****MI*0002147386~NM1*74*1***R~NM1*82*2*PLAYTER*****XX*1013394097~DTM*232*20210525~DTM*233*20210525~DTM*050*20210530~AMT*AU*107.58~SVC*HC:90837:95*175*107.58~CAS*CO*45*67.42~REF*6R*9281014786~AMT*B6*107.58~CLP*640-1228*1*120*68.38**MC*21151E002706*02~NM1*QC*1*DIGIOVANNI*JOURNIE****MI*0002595228~NM1*74*1***C~NM1*82*2*LINARES*****XX*1699008045~DTM*232*20210523~DTM*233*20210523~DTM*050*20210530~AMT*AU*68.38~SVC*HC:90834:95*120*68.38~CAS*CO*45*51.62~REF*6R*609640-1228~AMT*B6*68.38~CLP*928543998*1*120*68.38**MC*21152E000041*11~NM1*QC*1*BASQUES-RODGERS*KEOLA****MI*0002129504~NM1*74*1***J~NM1*82*2*MATSUMOTO*****XX*1427398312~DTM*232*20210509~DTM*233*20210509~DTM*050*20210531~AMT*AU*68.38~SVC*HC:90834:95*120*68.38~CAS*CO*45*51.62~REF*6R*9281016320~AMT*B6*68.38~CLP*928543208*1*175*0**MC*21154E000136*11~NM1*QC*1*PIERIS*SENECA****MI*0000595311~NM1*82*2*MATSUMOTO*****XX*1427398312~NM1*PR*2*OTHER (98)*****PI*QCR0000000238~DTM*232*20210502~DTM*233*20210502~DTM*050*20210602~SVC*HC:90837:95*175*0~CAS*CO*252*175~REF*6R*9281014637~LQ*HE*N4~CLP*928543994*1*175*0**MC*21154E000411*11~NM1*QC*1*PIERIS*SENECA****MI*0000595311~NM1*82*2*MATSUMOTO*****XX*1427398312~NM1*PR*2*OTHER (98)*****PI*QCR0000000238~DTM*232*20210509~DTM*233*20210509~DTM*050*20210602~SVC*HC:90837:95*175*0~CAS*CO*252*175~REF*6R*9281016316~LQ*HE*N4~CLP*609-994*1*120*56.25**MC*21151E003022*02~NM1*QC*1*ASHLEY*LISA****MI*0000016963~NM1*74*1***R~NM1*82*2*LINARES*****XX*1699008045~DTM*232*20210516~DTM*233*20210516~DTM*050*20210530~AMT*AU*56.25~SVC*HC:90834:95*120*56.25~CAS*CO*45*63.75~REF*6R*588609-994~AMT*B6*56.25~SE*118*0001~GE*1*840719085~IEA*1*840719085~