ISA*00*          *00*          *ZZ*330897513      *ZZ*MEDBOSSC       *210728*0713*^*00501*855794512*0*P*:~GS*HP*330897513*MEDBOSSC*20210728*0713*855794512*X*005010X221A1~ST*835*0001~BPR*I*609.67*C*CHK************20210727~TRN*1*0010597266TR1*1571132733~REF*EV*7GW0013CA3~REF*F2*1588011043    R88010727000827~DTM*405*20210727~N1*PR*PGBA,LLC~N3*TRICARE WEST REGION CLAIMS*P.O. BOX 202112~N4*FLORENCE*SC*295022112~PER*CX*TRICARE WEST REGION CLAIMS CORRESPONDENCE*TE*8448669378~PER*BL*TRICARE ELECTRONIC CLAIMS SERVICE CENTER*TE*8003255920~N1*PE*SERENITY COUNSELING SERVICES H*XX*1588011043~N3*10641 WINDSMONT CT~N4*LEHIGH ACRES*FL*33936~REF*TJ*812344400~LX*1~CLP*626-2753*1*120*69.18**CH*H200X0MNN0000*02*1~NM1*QC*1*SWINT*CRYSTAL*I***HN*626-2753~NM1*IL*1*SWINT*ALEXANDER*D***MI*245713148~DTM*050*20210719~AMT*AU*69.18~SVC*HC:90834:95*120*69.18~DTM*472*20210710~CAS*CO*45*50.82~REF*6R*896626-2753~AMT*B6*69.18~LX*2~CLP*575-2809*1*120*69.18**CH*H200X0MNP0000*02*1~NM1*QC*1*TEASLEY*SHAWN*D***HN*575-2809~NM1*IL*1*TEASLEY*SHAWN*D***MI*168569361~DTM*050*20210719~AMT*AU*69.18~SVC*HC:90834:95*120*69.18~DTM*472*20210711~CAS*CO*45*50.82~REF*6R*897575-2809~AMT*B6*69.18~LX*3~CLP*587-2811*1*120*77.54**CH*H200X0MW20000*02*1~NM1*QC*1*PEREZ MORAN*ALEXIS*M***HN*587-2811~NM1*IL*1*PEREZMORAN*JOSE*F***MI*612845271~DTM*050*20210719~AMT*AU*77.54~SVC*HC:90847:95*120*77.54~DTM*472*20210711~CAS*CO*45*42.46~REF*6R*164587-2811~AMT*B6*77.54~LX*4~CLP*928488181*1*175*0**CH*H201X21JP0000*11*1~NM1*QC*1*ATWATER*ELIZABETH*A***HN*928488181~NM1*IL*1*ATWATER*GRAHAM*D***MI*601788051~NM1*82*1*PLAYTER*AILEEN*T***XX*1013394097~REF*1H*575843780~DTM*050*20210720~SVC*HC:90837:95*175*0~DTM*472*20210423~CAS*CO*197*175~REF*6R*928919144~LX*5~CLP*873-1924*1*150*0**CH*H202X0SYD0000*11*1~NM1*QC*1*STEPHENSON*MARIAH*R***HN*873-1924~NM1*IL*1*STEPHENSON*NATHAN*R***MI*305902921~NM1*82*1*PLAYTER*AILEEN*T***XX*1013394097~REF*1H*575843780~DTM*050*20210721~SVC*HC:90837:95*150*0~DTM*472*20210608~CAS*CO*197*150~REF*6R*310873-1924~LX*6~CLP*736-1943*1*150*0**CH*H202X0SYF0000*11*1~NM1*QC*1*COUTURE*CECILY*E***HN*736-1943~NM1*IL*1*SCOTT*BRENDEN*C***MI*536175447~NM1*82*1*PLAYTER*AILEEN*T***XX*1013394097~REF*1H*575843780~DTM*050*20210721~SVC*HC:90837:95*150*0~DTM*472*20210610~CAS*CO*197*150~REF*6R*312736-1943~LX*7~CLP*736-2087*1*150*0**CH*H202X0SYG0000*11*1~NM1*QC*1*COUTURE*CECILY*E***HN*736-2087~NM1*IL*1*SCOTT*BRENDEN*C***MI*536175447~NM1*82*1*PLAYTER*AILEEN*T***XX*1013394097~REF*1H*575843780~DTM*050*20210721~SVC*HC:90837:95*150*0~DTM*472*20210617~CAS*CO*197*150~REF*6R*319736-2087~LX*8~CLP*873-2209*1*150*0**CH*H202X0SYH0000*11*1~NM1*QC*1*STEPHENSON*MARIAH*R***HN*873-2209~NM1*IL*1*STEPHENSON*NATHAN*R***MI*305902921~NM1*82*1*PLAYTER*AILEEN*T***XX*1013394097~REF*1H*575843780~DTM*050*20210721~SVC*HC:90837*150*0~DTM*472*20210622~CAS*CO*197*150~REF*6R*325873-2209~LX*9~CLP*736-2265*1*150*0**CH*H202X0SYJ0000*11*1~NM1*QC*1*COUTURE*CECILY*E***HN*736-2265~NM1*IL*1*SCOTT*BRENDEN*C***MI*536175447~NM1*82*1*PLAYTER*AILEEN*T***XX*1013394097~REF*1H*575843780~DTM*050*20210721~SVC*HC:90837:95*150*0~DTM*472*20210624~CAS*CO*197*150~REF*6R*332736-2265~LX*10~CLP*873-2400*1*150*0**CH*H202X0SZG0000*11*1~NM1*QC*1*STEPHENSON*MARIAH*R***HN*873-2400~NM1*IL*1*STEPHENSON*NATHAN*R***MI*305902921~NM1*82*1*PLAYTER*AILEEN*T***XX*1013394097~REF*1H*575843780~DTM*050*20210721~SVC*HC:90837:95*150*0~DTM*472*20210629~CAS*CO*197*150~REF*6R*824873-2400~LX*11~CLP*873-2645*1*150*0**CH*H202X0SZH0000*11*1~NM1*QC*1*STEPHENSON*MARIAH*R***HN*873-2645~NM1*IL*1*STEPHENSON*NATHAN*R***MI*305902921~NM1*82*1*PLAYTER*AILEEN*T***XX*1013394097~REF*1H*575843780~DTM*050*20210721~SVC*HC:90837:95*150*0~DTM*472*20210706~CAS*CO*197*150~REF*6R*825873-2645~LX*12~CLP*724-2102*1*150*0**CH*H202X0SZ40000*11*1~NM1*QC*1*MARSI*KATE*D***HN*724-2102~NM1*IL*1*MARSI*RYAN*E***MI*624489057~NM1*82*1*PLAYTER*AILEEN*T***XX*1013394097~REF*1H*575843780~DTM*050*20210721~SVC*HC:90837:95*150*0~DTM*472*20210618~CAS*CO*197*150~REF*6R*098724-2102~LX*13~CLP*724-2277*1*150*0**CH*H202X0SZ50000*02*1~NM1*QC*1*MARSI*KATE*D***HN*724-2277~NM1*IL*1*MARSI*RYAN*E***MI*624489057~NM1*82*1*PLAYTER*AILEEN*T***XX*1013394097~REF*1H*575843780~DTM*050*20210721~SVC*HC:90837:95*150*0~DTM*472*20210625~CAS*CO*197*150~REF*6R*100724-2277~LX*14~CLP*809-2503*1*150*0**CH*H202X0SZ60000*11*1~NM1*QC*1*PEREZ*STEPHANIE*K***HN*809-2503~NM1*IL*1*ROSSETTI*CHRISTOPH*H***MI*326824302~NM1*82*1*PLAYTER*AILEEN*T***XX*1013394097~REF*1H*575843780~DTM*050*20210721~SVC*HC:90837:95*150*0~DTM*472*20210701~CAS*CO*197*150~REF*6R*101809-2503~LX*15~CLP*717-2002*1*120*0**CH*H202X0SZ70000*11*1~NM1*QC*1*CASTIGNANI*MICHAEL*M***HN*717-2002~NM1*82*1*PLAYTER*AILEEN*T***XX*1013394097~REF*1H*575843780~DTM*050*20210721~SVC*HC:90847:95*120*0~DTM*472*20210614~CAS*CO*197*120~REF*6R*102717-2002~LX*16~CLP*724-2021*1*120*0**CH*H202X0SZ80000*11*1~NM1*QC*1*MARSI*KATE*D***HN*724-2021~NM1*IL*1*MARSI*RYAN*E***MI*624489057~NM1*82*1*PLAYTER*AILEEN*T***XX*1013394097~REF*1H*575843780~DTM*050*20210721~SVC*HC:90834:95*120*0~DTM*472*20210611~CAS*CO*197*120~REF*6R*103724-2021~LX*17~CLP*724-2533*1*150*0**CH*H202X0TNM0000*02*1~NM1*QC*1*MARSI*KATE*D***HN*724-2533~NM1*IL*1*MARSI*RYAN*E***MI*624489057~NM1*82*1*PLAYTER*AILEEN*T***XX*1013394097~REF*1H*575843780~DTM*050*20210721~SVC*HC:90837:95*150*0~DTM*472*20210702~CAS*CO*197*150~REF*6R*982724-2533~LX*18~CLP*736-2542*1*150*0**CH*H202X0TNP0000*02*1~NM1*QC*1*COUTURE*CECILY*E***HN*736-2542~NM1*IL*1*SCOTT*BRENDEN*C***MI*536175447~NM1*82*1*PLAYTER*AILEEN*T***XX*1013394097~REF*1H*575843780~DTM*050*20210721~SVC*HC:90837:95*150*0~DTM*472*20210702~CAS*CO*197*150~REF*6R*984736-2542~LX*19~CLP*724-2671*1*150*0**CH*H202X0TNQ0000*02*1~NM1*QC*1*MARSI*KATE*D***HN*724-2671~NM1*IL*1*MARSI*RYAN*E***MI*624489057~NM1*82*1*PLAYTER*AILEEN*T***XX*1013394097~REF*1H*575843780~DTM*050*20210721~SVC*HC:90837:95*150*0~DTM*472*20210708~CAS*CO*197*150~REF*6R*988724-2671~LX*20~CLP*724-2948*1*150*0*150*CH*H202X0TNR0000*02*1~NM1*QC*1*MARSI*KATE*D***HN*724-2948~NM1*IL*1*MARSI*RYAN*E***MI*624489057~NM1*82*1*PLAYTER*AILEEN*T***XX*1013394097~REF*1H*575843780~DTM*050*20210721~SVC*HC:90837:95*150*0~DTM*472*20210716~CAS*PR*197*150~REF*6R*892724-2948~LX*21~CLP*717-2611*1*120*0**CH*H202X0TNT0000*02*1~NM1*QC*1*CASTIGNANI*MICHAEL*M***HN*717-2611~NM1*82*1*PLAYTER*AILEEN*T***XX*1013394097~REF*1H*575843780~DTM*050*20210721~SVC*HC:90847:95*120*0~DTM*472*20210705~CAS*CO*197*120~REF*6R*161717-2611~LX*22~CLP*809-2682*1*150*0**CH*H202X0TNV0000*02*1~NM1*QC*1*PEREZ*STEPHANIE*K***HN*809-2682~NM1*IL*1*ROSSETTI*CHRISTOPH*H***MI*326824302~NM1*82*1*PLAYTER*AILEEN*T***XX*1013394097~REF*1H*575843780~DTM*050*20210721~SVC*HC:90837:95*150*0~DTM*472*20210708~CAS*CO*197*150~REF*6R*163809-2682~LX*23~CLP*717-2876*1*120*0**CH*H202X0TNW0000*02*1~NM1*QC*1*CASTIGNANI*MICHAEL*M***HN*717-2876~NM1*82*1*PLAYTER*AILEEN*T***XX*1013394097~REF*1H*575843780~DTM*050*20210721~SVC*HC:90847:95*120*0~DTM*472*20210712~CAS*CO*197*120~REF*6R*162717-2876~LX*24~CLP*551-668*1*120*69.18**CH*H202X0Y400000*02*1~NM1*QC*1*SEGOVIA GUERRER*ANDREA*C***HN*551-668~NM1*IL*1*EGIZII*JOHN*E***MI*302966294~DTM*050*20210721~AMT*AU*69.18~SVC*HC:90834:95*120*69.18~DTM*472*20210423~CAS*CO*45*50.82~REF*6R*031551-668~AMT*B6*69.18~LX*25~CLP*551-835*1*120*69.18**CH*H202X0Y410000*02*1~NM1*QC*1*SEGOVIA GUERRER*ANDREA*C***HN*551-835~NM1*IL*1*EGIZII*JOHN*E***MI*302966294~DTM*050*20210721~AMT*AU*69.18~SVC*HC:90834:95*120*69.18~DTM*472*20210430~CAS*CO*45*50.82~REF*6R*032551-835~AMT*B6*69.18~LX*26~CLP*551-923*1*120*69.18**CH*H202X0Y420000*02*1~NM1*QC*1*SEGOVIA GUERRER*ANDREA*C***HN*551-923~NM1*IL*1*EGIZII*JOHN*E***MI*302966294~DTM*050*20210721~AMT*AU*69.18~SVC*HC:90834:95*120*69.18~DTM*472*20210509~CAS*CO*45*50.82~REF*6R*033551-923~AMT*B6*69.18~LX*27~CLP*724-2021*1*120*0**CH*H202X0Y880000*11*1~NM1*QC*1*MARSI*KATE*D***HN*724-2021~NM1*IL*1*MARSI*RYAN*E***MI*624489057~NM1*82*1*PLAYTER*AILEEN*T***XX*1013394097~REF*1H*575843780~DTM*050*20210721~SVC*HC:90834:95*120*0~DTM*472*20210611~CAS*CO*197*120~REF*6R*173724-2021~LX*28~CLP*717-2002*1*120*0**CH*H202X068V0000*02*1~NM1*QC*1*CASTIGNANI*MICHAEL*M***HN*717-2002~NM1*82*1*PLAYTER*AILEEN*T***XX*1013394097~REF*1H*575843780~DTM*050*20210721~SVC*HC:90847:95*120*0~DTM*472*20210614~CAS*CO*197*120~REF*6R*213717-2002~LX*29~CLP*724-2102*1*150*0**CH*H202X068W0000*02*1~NM1*QC*1*MARSI*KATE*D***HN*724-2102~NM1*IL*1*MARSI*RYAN*E***MI*624489057~NM1*82*1*PLAYTER*AILEEN*T***XX*1013394097~REF*1H*575843780~DTM*050*20210721~SVC*HC:90837:95*150*0~DTM*472*20210618~CAS*CO*197*150~REF*6R*215724-2102~LX*30~CLP*724-2277*1*150*0**CH*H202X068X0000*02*1~NM1*QC*1*MARSI*KATE*D***HN*724-2277~NM1*IL*1*MARSI*RYAN*E***MI*624489057~NM1*82*1*PLAYTER*AILEEN*T***XX*1013394097~REF*1H*575843780~DTM*050*20210721~SVC*HC:90837:95*150*0~DTM*472*20210625~CAS*CO*197*150~REF*6R*217724-2277~LX*31~CLP*809-2503*1*150*0**CH*H202X068Y0000*02*1~NM1*QC*1*PEREZ*STEPHANIE*K***HN*809-2503~NM1*IL*1*ROSSETTI*CHRISTOPH*H***MI*326824302~NM1*82*1*PLAYTER*AILEEN*T***XX*1013394097~REF*1H*575843780~DTM*050*20210721~SVC*HC:90837:95*150*0~DTM*472*20210701~CAS*CO*197*150~REF*6R*219809-2503~LX*32~CLP*724-2533*1*150*0**CH*H202X068Z0000*02*1~NM1*QC*1*MARSI*KATE*D***HN*724-2533~NM1*IL*1*MARSI*RYAN*E***MI*624489057~NM1*82*1*PLAYTER*AILEEN*T***XX*1013394097~REF*1H*575843780~DTM*050*20210721~SVC*HC:90837:95*150*0~DTM*472*20210702~CAS*CO*197*150~REF*6R*220724-2533~LX*33~CLP*736-2542*1*150*0**CH*H202X06900000*02*1~NM1*QC*1*COUTURE*CECILY*E***HN*736-2542~NM1*IL*1*SCOTT*BRENDEN*C***MI*536175447~NM1*82*1*PLAYTER*AILEEN*T***XX*1013394097~REF*1H*575843780~DTM*050*20210721~SVC*HC:90837:95*150*0~DTM*472*20210702~CAS*CO*197*150~REF*6R*221736-2542~LX*34~CLP*717-2611*1*120*0**CH*H202X06910000*02*1~NM1*QC*1*CASTIGNANI*MICHAEL*M***HN*717-2611~NM1*82*1*PLAYTER*AILEEN*T***XX*1013394097~REF*1H*575843780~DTM*050*20210721~SVC*HC:90847:95*120*0~DTM*472*20210705~CAS*CO*197*120~REF*6R*222717-2611~LX*35~CLP*724-2671*1*150*0**CH*H202X06920000*02*1~NM1*QC*1*MARSI*KATE*D***HN*724-2671~NM1*IL*1*MARSI*RYAN*E***MI*624489057~NM1*82*1*PLAYTER*AILEEN*T***XX*1013394097~REF*1H*575843780~DTM*050*20210721~SVC*HC:90837:95*150*0~DTM*472*20210708~CAS*CO*197*150~REF*6R*223724-2671~LX*36~CLP*809-2682*1*150*0**CH*H202X06930000*02*1~NM1*QC*1*PEREZ*STEPHANIE*K***HN*809-2682~NM1*IL*1*ROSSETTI*CHRISTOPH*H***MI*326824302~NM1*82*1*PLAYTER*AILEEN*T***XX*1013394097~REF*1H*575843780~DTM*050*20210721~SVC*HC:90837:95*150*0~DTM*472*20210708~CAS*CO*197*150~REF*6R*224809-2682~LX*37~CLP*717-2876*1*120*0**CH*H202X06940000*02*1~NM1*QC*1*CASTIGNANI*MICHAEL*M***HN*717-2876~NM1*82*1*PLAYTER*AILEEN*T***XX*1013394097~REF*1H*575843780~DTM*050*20210721~SVC*HC:90847:95*120*0~DTM*472*20210712~CAS*CO*197*120~REF*6R*225717-2876~LX*38~CLP*724-2948*1*150*0*150*CH*H202X06950000*02*1~NM1*QC*1*MARSI*KATE*D***HN*724-2948~NM1*IL*1*MARSI*RYAN*E***MI*624489057~NM1*82*1*PLAYTER*AILEEN*T***XX*1013394097~REF*1H*575843780~DTM*050*20210721~SVC*HC:90837:95*150*0~DTM*472*20210716~CAS*PR*197*150~REF*6R*226724-2948~LX*39~CLP*809-2266*1*150*0**CH*H202X06980000*02*1~NM1*QC*1*PEREZ*STEPHANIE*K***HN*809-2266~NM1*IL*1*ROSSETTI*CHRISTOPH*H***MI*326824302~NM1*82*1*PLAYTER*AILEEN*T***XX*1013394097~REF*1H*575843780~DTM*050*20210721~SVC*HC:90837:95*150*0~DTM*472*20210624~CAS*CO*197*150~REF*6R*033809-2266~LX*40~CLP*928649345*1*175*108.69**CH*H203X11NQ0000*11*1~NM1*QC*1*APONTE*DEBBIE*L***HN*928649345~NM1*IL*1*APONTE*ANGEL*L***MI*575908794~NM1*82*1*WATERS*LORI*M***XX*1760854152~REF*1H*524943302~DTM*050*20210722~AMT*AU*108.69~SVC*HC:90837:95*175*108.69~DTM*472*20210204~CAS*CO*45*66.31~REF*6R*9281197738~AMT*B6*108.69~LX*41~CLP*928649322*1*175*0**CH*H203X11NR0000*11*1~NM1*QC*1*NORMAN*ALEXIS****HN*928649322~NM1*IL*1*NORMAN*ALEXIS****MI*01375397102~NM1*82*1*WATERS*LORI*M***XX*1760854152~REF*1H*524943302~DTM*050*20210722~SVC*HC:90837:95*175*0~DTM*472*20210405~CAS*CO*16*175~REF*6R*9281197706~LQ*HE*N382~LX*42~CLP*873-2907*1*120*77.54**CH*H204X3QH40000*02*1~NM1*QC*1*STEPHENSON*MARIAH*R***HN*873-2907~NM1*IL*1*STEPHENSON*NATHAN*R***MI*305902921~NM1*82*1*PLAYTER*AILEEN*T***XX*1013394097~REF*1H*575843780~DTM*050*20210723~AMT*AU*77.54~SVC*HC:90847:95*120*77.54~DTM*472*20210713~CAS*CO*45*42.46~REF*6R*259873-2907~AMT*B6*77.54~LX*43~CLP*706-2961*1*120*0*120*CH*H204X3QH50000*02*1~NM1*QC*1*GOSWICK*GINA*M***HN*706-2961~NM1*IL*1*GOSWICK*ADAM*J***MI*226576761~NM1*82*1*PLAYTER*AILEEN*T***XX*1013394097~REF*1H*575843780~DTM*050*20210723~SVC*HC:90847:95*120*0~DTM*472*20210716~CAS*PR*197*120~REF*6R*260706-2961~LX*44~CLP*626-2976*1*120*0*74.9*CH*H204X3QJS0000*02*1~NM1*QC*1*SWINT*CRYSTAL*I***HN*626-2976~NM1*IL*1*SWINT*ALEXANDER*D***MI*245713148~DTM*050*20210723~AMT*AU*74.9~SVC*HC:90846:95*120*0~DTM*472*20210717~CAS*CO*242*45.1~CAS*PR*1*74.9~REF*6R*915626-2976~AMT*B6*74.9~LQ*HE*N212~LX*45~CLP*928385177*1*190*0**CH*H207X1X110000*11*1~NM1*QC*1*NORMAN*ALEXIS****HN*928385177~NM1*IL*1*NORMAN*ALEXIS****MI*01375397102~NM1*82*1*WATERS*LORI*M***XX*1760854152~REF*1H*524943302~DTM*050*20210726~SVC*HC:90791:95*190*0~DTM*472*20210222~CAS*CO*16*190~REF*6R*928741253~LQ*HE*N382~SE*513*0001~ST*835*0002~BPR*I*159.28*C*CHK************20210728~TRN*1*0010302489TA1*1571132733~REF*EV*7GW0013CA3~REF*F2*1588011043    R88010727009573~DTM*405*20210727~N1*PR*PGBA,LLC~N3*TRICARE WEST REGION CLAIMS*P.O. BOX 202112~N4*FLORENCE*SC*295022112~PER*CX*TRICARE WEST REGION CLAIMS CORRESPONDENCE*TE*8448669378~PER*BL*TRICARE ELECTRONIC CLAIMS SERVICE CENTER*TE*8003255920~N1*PE*SERENITY COUNSELING SERVICES H*XX*1588011043~N3*10641 WINDSMONT CT~N4*LEHIGH ACRES*FL*33936~REF*TJ*812344400~LX*1~CLP*648-1820*1*120*79.64**CH*H183X2GXQ0000*11*1~NM1*QC*1*GOSWICK*ADAM*J***HN*648-1820~DTM*050*20210702~AMT*AU*79.64~SVC*HC:90834:95*120*79.64~DTM*472*20210604~CAS*CO*45*40.36~REF*6R*071648-1820~AMT*B6*79.64~LQ*HE*N45~LX*2~CLP*648-2343*1*120*79.64**CH*H183X2GXX0000*11*1~NM1*QC*1*GOSWICK*ADAM*J***HN*648-2343~DTM*050*20210702~AMT*AU*79.64~SVC*HC:90834:95*120*79.64~DTM*472*20210627~CAS*CO*45*40.36~REF*6R*099648-2343~AMT*B6*79.64~LQ*HE*N45~LX*3~CLP*571-682*1*120*0**CH*H201X2M8N0000*11*1~NM1*QC*1*TORRES OCASIO*FERNANDO*J***HN*571-682~DTM*050*20210720~SVC*HC:90834*120*0~DTM*472*20210423~CAS*CO*18*120~REF*6R*807571-682~LQ*HE*N522~SE*47*0002~GE*2*855794512~IEA*1*855794512~