ISA*00*          *00*          *ZZ*330897513      *ZZ*MEDBOSSC       *210905*1021*^*00501*868562622*0*P*:~GS*HP*330897513*MEDBOSSC*20210905*1021*868562622*X*005010X221A1~ST*835*0001~BPR*I*603.18*C*ACH*CCP*01*043301627*DA*1077764011*1571132733*000000000*01*321370765*DA*8102075433*20210908~TRN*1*5344471244TA1*1571132733*000000000~REF*EV*7GW0013CA3~REF*F2*1588011043    R88010901003798~DTM*405*20210901~N1*PR*PGBA,LLC~N3*TRICARE WEST REGION CLAIMS*P.O. BOX 202112~N4*FLORENCE*SC*295022112~PER*CX*TRICARE WEST REGION CLAIMS CORRESPONDENCE*TE*8448669378~PER*BL*TRICARE ELECTRONIC CLAIMS SERVICE CENTER*TE*8003255920~N1*PE*SERENITY COUNSELING SERVICES*XX*1588011043~N3*SUITE 201*10641 WINDSMONT CT~N4*LEHIGH ACRES*FL*33936~REF*TJ*812344400~LX*1~CLP*834-3238*1*120*70.34**CH*H239X3PJ10000*02*1~NM1*QC*1*MOOGAN*WILLIAM*G***HN*834-3238~NM1*82*1*WATERS*LORI*M***XX*1760854152~REF*1H*524943302~DTM*050*20210827~AMT*AU*70.34~SVC*HC:90834:95*120*70.34~DTM*472*20210726~CAS*CO*45*49.66~REF*6R*696834-3238~AMT*B6*70.34~LX*2~CLP*834-3830*1*150*103.96**CH*H239X3PPM0000*02*1~NM1*QC*1*MOOGAN*WILLIAM*G***HN*834-3830~NM1*82*1*WATERS*LORI*M***XX*1760854152~REF*1H*524943302~DTM*050*20210827~AMT*AU*103.96~SVC*HC:90837:95*150*103.96~DTM*472*20210816~CAS*CO*45*46.04~REF*6R*713834-3830~AMT*B6*103.96~LX*3~CLP*834-3541*1*120*79.5**CH*H239X3PPX0000*11*1~NM1*QC*1*MOOGAN*WILLIAM*G***HN*834-3541~NM1*82*1*WATERS*LORI*M***XX*1760854152~REF*1H*524943302~DTM*050*20210827~AMT*AU*79.5~SVC*HC:90834:95*120*79.5~DTM*472*20210802~CAS*CO*45*40.5~REF*6R*214834-3541~AMT*B6*79.5~LX*4~CLP*834-3543*1*120*70.34**CH*H239X3PPY0000*02*1~NM1*QC*1*MOOGAN*WILLIAM*G***HN*834-3543~NM1*82*1*WATERS*LORI*M***XX*1760854152~REF*1H*524943302~DTM*050*20210827~AMT*AU*70.34~SVC*HC:90834:95*120*70.34~DTM*472*20210712~CAS*CO*45*49.66~REF*6R*215834-3543~AMT*B6*70.34~LX*5~CLP*834-2374*1*120*70.34**CH*H239X3PQ20000*02*1~NM1*QC*1*MOOGAN*WILLIAM*G***HN*834-2374~NM1*82*1*WATERS*LORI*M***XX*1760854152~REF*1H*524943302~DTM*050*20210827~AMT*AU*70.34~SVC*HC:90834:95*120*70.34~DTM*472*20210628~CAS*CO*45*49.66~REF*6R*391834-2374~AMT*B6*70.34~LX*6~CLP*834-2200*1*120*70.34**CH*H239X3PQ30000*02*1~NM1*QC*1*MOOGAN*WILLIAM*G***HN*834-2200~NM1*82*1*WATERS*LORI*M***XX*1760854152~REF*1H*524943302~DTM*050*20210827~AMT*AU*70.34~SVC*HC:90834:95*120*70.34~DTM*472*20210621~CAS*CO*45*49.66~REF*6R*336834-2200~AMT*B6*70.34~LX*7~CLP*652-3223*1*120*69.18**CH*H242X0CNZ0000*02*1~NM1*QC*1*ELLIS*NICHOLAS*A***HN*652-3223~NM1*82*1*FERREIRA*LORI****XX*1811143126~REF*1H*576766277~DTM*050*20210830~AMT*AU*69.18~SVC*HC:90834:95*120*69.18~DTM*472*20210720~CAS*CO*45*50.82~REF*6R*811533079L897492099~AMT*B6*69.18~LX*8~CLP*652-3219*1*120*69.18**CH*H242X0CP00000*02*1~NM1*QC*1*ELLIS*NICHOLAS*A***HN*652-3219~NM1*82*1*FERREIRA*LORI****XX*1811143126~REF*1H*576766277~DTM*050*20210830~AMT*AU*69.18~SVC*HC:90834:95*120*69.18~DTM*472*20210713~CAS*CO*45*50.82~REF*6R*811533076L897492091~AMT*B6*69.18~SE*112*0001~GE*1*868562622~IEA*1*868562622~