ISA*00*          *00*          *ZZ*330897513      *ZZ*MEDBOSSC       *211019*0833*^*00501*883012238*0*P*:~GS*HP*330897513*MEDBOSSC*20211019*0833*883012238*X*005010X221A1~ST*835*0001~BPR*I*675.08*C*ACH*CCP*01*031202770*DA*8026501176*1841160004*000000000*01*321370765*DA*8102075433*20211020~TRN*1*5457163288VT2*1860813402*000000000~REF*EV*7GW1459CA3~REF*F2*1588011043    R35011015002699~DTM*405*20211015~N1*PR*TRIWEST HEALTHCARE ALLIANCE~N3*PO BOX 42270~N4*PHOENIX*AZ*850802270~PER*CX**TE*8772268749~PER*BL*VA CCN PROVIDER SERVICES*TE*8002590264~PER*IC**UR*WWW.TRIWEST.COM~N1*PE*DAVID LINARES*XX*1588011043~N3*APT 3U*94-1261 LUMIKULA ST~N4*WAIPAHU*HI*96797~REF*TJ*812344400~LX*1~CLP*380-2162*1*120*0**VA*H285X1QSQ0000*11*1~NM1*QC*1*HOY*JASON****MI*1014349522V275214~DTM*050*20211012~SVC*HC:90834*120*0~DTM*472*20210620~CAS*CO*288*120~REF*6R*090380-2162~LQ*HE*N489~LX*2~CLP*2568744461*1*540*0**VA*H287X0W4L0000*11*1~NM1*QC*1*AJOLO*CHRISTOPHER****MI*1018268258V574995~DTM*050*20211014~SVC*HC:90847:95*150*0~DTM*472*20210117~CAS*CO*29*150~REF*6R*5812568744461~SVC*HC:90847:95*120*0~DTM*472*20210321~CAS*CO*29*120~REF*6R*5802568744461~SVC*HC:90847:95*120*0~DTM*472*20210327~CAS*CO*29*120~REF*6R*5792568744461~SVC*HC:90847:95*150*0~DTM*472*20210410~CAS*CO*29*150~REF*6R*5782568744461~LX*3~CLP*2568744462*1*240*0**VA*H287X0W4M0000*11*1~NM1*QC*1*JAUREGUI*JOSE*M***MI*1014354746V649137~DTM*050*20211014~SVC*HC:90834:95*120*0~DTM*472*20210304~CAS*CO*29*120~REF*6R*5832568744462~SVC*HC:90834:95*120*0~DTM*472*20210325~CAS*CO*29*120~REF*6R*5822568744462~LX*4~CLP*742-5366*1*150*0**VA*H287X0W4N0000*02*1~NM1*QC*1*ELVENIA*HENRY****MI*1018760076V111339~DTM*050*20211014~SVC*HC:90837:95*150*0~DTM*472*20211008~CAS*CO*288*150~REF*6R*584742-5366~LQ*HE*N489~LX*5~CLP*623-2509*1*120*79.64**VA*H287X0W4P0000*11*1~NM1*QC*1*BARRERA*DANNY****MI*1011766881V679915~DTM*050*20211014~AMT*AU*79.64~SVC*HC:90834:95*120*79.64~DTM*472*20210517~CAS*CO*45*40.36~REF*6R*585623-2509~AMT*B6*79.64~LX*6~CLP*623-2511*1*120*79.64**VA*H287X0W4Q0000*11*1~NM1*QC*1*BARRERA*DANNY****MI*1011766881V679915~DTM*050*20211014~AMT*AU*79.64~SVC*HC:90834:95*120*79.64~DTM*472*20210601~CAS*CO*45*40.36~REF*6R*586623-2511~AMT*B6*79.64~LX*7~CLP*623-2513*1*120*79.64**VA*H287X0W4R0000*11*1~NM1*QC*1*BARRERA*DANNY****MI*1011766881V679915~DTM*050*20211014~AMT*AU*79.64~SVC*HC:90834:95*120*79.64~DTM*472*20210607~CAS*CO*45*40.36~REF*6R*587623-2513~AMT*B6*79.64~LX*8~CLP*623-2515*1*120*79.64**VA*H287X0W4S0000*11*1~NM1*QC*1*BARRERA*DANNY****MI*1011766881V679915~DTM*050*20211014~AMT*AU*79.64~SVC*HC:90834:95*120*79.64~DTM*472*20210614~CAS*CO*45*40.36~REF*6R*588623-2515~AMT*B6*79.64~LX*9~CLP*623-2517*1*120*79.64**VA*H287X0W4T0000*11*1~NM1*QC*1*BARRERA*DANNY****MI*1011766881V679915~DTM*050*20211014~AMT*AU*79.64~SVC*HC:90834:95*120*79.64~DTM*472*20210621~CAS*CO*45*40.36~REF*6R*589623-2517~AMT*B6*79.64~LX*10~CLP*623-2519*1*120*79.64**VA*H287X0W4V0000*11*1~NM1*QC*1*BARRERA*DANNY****MI*1011766881V679915~DTM*050*20211014~AMT*AU*79.64~SVC*HC:90834:95*120*79.64~DTM*472*20210628~CAS*CO*45*40.36~REF*6R*590623-2519~AMT*B6*79.64~LX*11~CLP*623-3721*1*120*0**VA*H287X0W4X0000*11*1~NM1*QC*1*BARRERA*DANNY****MI*1011766881V679915~DTM*050*20211014~SVC*HC:90834:95*120*0~DTM*472*20210809~CAS*CO*288*120~REF*6R*591623-3721~LQ*HE*N489~LX*12~CLP*623-3723*1*120*0**VA*H287X0W4Y0000*11*1~NM1*QC*1*BARRERA*DANNY****MI*1011766881V679915~DTM*050*20211014~SVC*HC:90834:95*120*0~DTM*472*20210705~CAS*CO*288*120~REF*6R*592623-3723~LQ*HE*N489~LX*13~CLP*623-3725*1*120*0**VA*H287X0W4Z0000*11*1~NM1*QC*1*BARRERA*DANNY****MI*1011766881V679915~DTM*050*20211014~SVC*HC:90834:95*120*0~DTM*472*20210719~CAS*CO*288*120~REF*6R*593623-3725~LQ*HE*N489~LX*14~CLP*703-5402*1*120*0**VA*H287X0W5S0000*02*1~NM1*QC*1*SAWICKI*EDWARD****MI*587722154~DTM*050*20211014~SVC*HC:90834:95*120*0~DTM*472*20211011~CAS*CO*288*120~REF*6R*620703-5402~LQ*HE*N489~LX*15~CLP*816-3199*1*120*0**VA*H287X0W5T0000*11*1~NM1*QC*1*PEDERSON*JANET****MI*1018315345V659698~DTM*050*20211014~SVC*HC:90834:95*120*0~DTM*472*20210715~CAS*CO*288*120~REF*6R*621816-3199~LQ*HE*N489~LX*16~CLP*816-3201*1*120*0**VA*H287X0W5V0000*02*1~NM1*QC*1*PEDERSON*JANET****MI*1018315345V659698~DTM*050*20211014~SVC*HC:90834:95*120*0~DTM*472*20210721~CAS*CO*288*120~REF*6R*622816-3201~LQ*HE*N489~LX*17~CLP*591-4069*1*150*0**VA*H287X0W5X0000*11*1~NM1*QC*1*READ*HOLLIS****MI*634460299~DTM*050*20211014~SVC*HC:90837:95*150*0~DTM*472*20210819~CAS*CO*288*150~REF*6R*630591-4069~LQ*HE*N489~LX*18~CLP*591-4108*1*150*0**VA*H287X0W5Y0000*11*1~NM1*QC*1*READ*HOLLIS****MI*634460299~DTM*050*20211014~SVC*HC:90837:95*150*0~DTM*472*20210825~CAS*CO*288*150~REF*6R*631591-4108~LQ*HE*N489~LX*19~CLP*591-274*1*90*0**VA*H287X0W5Z0000*11*1~NM1*QC*1*READ*HOLLIS****MI*634460299~DTM*050*20211014~SVC*HC:90832:95*90*0~DTM*472*20210412~CAS*CO*29*90~REF*6R*632591-274~LX*20~CLP*623-3729*1*120*0**VA*H287X0W500000*11*1~NM1*QC*1*BARRERA*DANNY****MI*1011766881V679915~DTM*050*20211014~SVC*HC:90834:95*120*0~DTM*472*20210727~CAS*CO*288*120~REF*6R*594623-3729~LQ*HE*N489~LX*21~CLP*2568744512*1*120*79.64**VA*H287X0W610000*11*1~NM1*QC*1*WILLIAMS*ARIANA****MI*1018252537V228283~DTM*050*20211014~AMT*AU*79.64~SVC*HC:90834:95*120*79.64~DTM*472*20210426~CAS*CO*45*40.36~REF*6R*6332568744512~AMT*B6*79.64~LX*22~CLP*637-3719*1*120*0**VA*H287X108B0000*11*1~NM1*QC*1*JORGE*VINCENTE*C***MI*1009738141V101265~DTM*050*20211014~SVC*HC:90834:95*120*0~DTM*472*20210809~CAS*CO*288*120~REF*6R*688637-3719~LQ*HE*N489~LX*23~CLP*637-3466*1*120*0**VA*H287X108C0000*11*1~NM1*QC*1*JORGE*VINCENTE*C***MI*1009738141V101265~DTM*050*20211014~SVC*HC:90834:95*120*0~DTM*472*20210726~CAS*CO*288*120~REF*6R*689637-3466~LQ*HE*N489~LX*24~CLP*637-3993*1*120*0**VA*H287X108D0000*11*1~NM1*QC*1*JORGE*VINCENTE*C***MI*1009738141V101265~DTM*050*20211014~SVC*HC:90834:95*120*0~DTM*472*20210802~CAS*CO*288*120~REF*6R*690637-3993~LQ*HE*N489~LX*25~CLP*637-3460*1*120*0**VA*H287X108F0000*11*1~NM1*QC*1*JORGE*VINCENTE*C***MI*1009738141V101265~DTM*050*20211014~SVC*HC:90834:95*120*0~DTM*472*20210715~CAS*CO*288*120~REF*6R*691637-3460~LQ*HE*N489~LX*26~CLP*637-4541*1*120*0**VA*H287X108G0000*11*1~NM1*QC*1*JORGE*VINCENTE*C***MI*1009738141V101265~DTM*050*20211014~SVC*HC:90834:95*120*0~DTM*472*20210830~CAS*CO*288*120~REF*6R*692637-4541~LQ*HE*N489~LX*27~CLP*591-2079*1*120*0**VA*H287X108H0000*11*1~NM1*QC*1*READ*HOLLIS****MI*634460299~DTM*050*20211014~SVC*HC:90834:95*120*0~DTM*472*20210616~CAS*CO*288*120~REF*6R*693591-2079~LQ*HE*N489~LX*28~CLP*591-2238*1*120*0**VA*H287X108J0000*11*1~NM1*QC*1*READ*HOLLIS****MI*634460299~DTM*050*20211014~SVC*HC:90834:95*120*0~DTM*472*20210609~CAS*CO*288*120~REF*6R*694591-2238~LQ*HE*N489~LX*29~CLP*380-5411*1*120*0**VA*H287X108K0000*02*1~NM1*QC*1*HOY*JASON****MI*1014349522V275214~DTM*050*20211014~SVC*HC:90834:95*120*0~DTM*472*20211011~CAS*CO*288*120~REF*6R*695380-5411~LQ*HE*N489~LX*30~CLP*2009-5426*1*150*117.6**VA*H287X108L0000*11*1~NM1*QC*1*COOPER*BYRON*A***MI*1015958826V189285~DTM*050*20211014~AMT*AU*117.6~SVC*HC:90837:95*150*117.6~DTM*472*20210905~CAS*CO*45*32.4~REF*6R*6972009-5426~AMT*B6*117.6~LX*31~CLP*637-2049*1*120*0**VA*H287X10850000*02*1~NM1*QC*1*JORGE*VINCENTE*C***MI*1009738141V101265~DTM*050*20211014~SVC*HC:90834:95*120*0~DTM*472*20210601~CAS*CO*288*120~REF*6R*683637-2049~LQ*HE*N489~LX*32~CLP*637-2055*1*120*0**VA*H287X10860000*11*1~NM1*QC*1*JORGE*VINCENTE*C***MI*1009738141V101265~DTM*050*20211014~SVC*HC:90834:95*120*0~DTM*472*20210615~CAS*CO*288*120~REF*6R*684637-2055~LQ*HE*N489~LX*33~CLP*637-3463*1*120*0**VA*H287X10870000*11*1~NM1*QC*1*JORGE*VINCENTE*C***MI*1009738141V101265~DTM*050*20211014~SVC*HC:90834:95*120*0~DTM*472*20210719~CAS*CO*288*120~REF*6R*685637-3463~LQ*HE*N489~LX*34~CLP*637-3995*1*120*0**VA*H287X10880000*11*1~NM1*QC*1*JORGE*VINCENTE*C***MI*1009738141V101265~DTM*050*20211014~SVC*HC:90834:95*120*0~DTM*472*20210816~CAS*CO*288*120~REF*6R*686637-3995~LQ*HE*N489~LX*35~CLP*637-4539*1*120*0**VA*H287X10890000*11*1~NM1*QC*1*JORGE*VINCENTE*C***MI*1009738141V101265~DTM*050*20211014~SVC*HC:90834:95*120*0~DTM*472*20210823~CAS*CO*288*120~REF*6R*687637-4539~LQ*HE*N489~SE*353*0001~GE*1*883012238~IEA*1*883012238~