ISA*00*          *00*          *ZZ*330897513      *ZZ*MEDBOSSC       *211119*0840*^*00501*894219720*0*P*:~GS*HP*330897513*MEDBOSSC*20211119*0840*894219720*X*005010X221A1~ST*835*0001~BPR*I*513.81*C*ACH*CCP*01*031202770*DA*8026501176*1841160004*000000000*01*321370765*DA*8102075433*20211122~TRN*1*5486824321VT2*1860813402*000000000~REF*EV*7GW1459CA3~REF*F2*1588011043    R35011117002721~DTM*405*20211117~N1*PR*TRIWEST HEALTHCARE ALLIANCE~N3*PO BOX 42270~N4*PHOENIX*AZ*850802270~PER*CX**TE*8772268749~PER*BL*VA CCN PROVIDER SERVICES*TE*8002590264~PER*IC**UR*WWW.TRIWEST.COM~N1*PE*DAVID LINARES*XX*1588011043~N3*APT 3U*94-1261 LUMIKULA ST~N4*WAIPAHU*HI*96797~REF*TJ*812344400~LX*1~CLP*671-6285*1*120*78.45**VA*H316X1GGH0000*02*1~NM1*QC*1*AJOLO*CHRISTOPHER****MI*1018268258V574995~DTM*050*20211112~AMT*AU*78.45~SVC*HC:90847:95*120*78.45~DTM*472*20210610~CAS*CO*45*41.55~REF*6R*331671-6285~AMT*B6*78.45~LX*2~CLP*637-6530*1*120*0**VA*H320X16BH0000*11*1~NM1*QC*1*JORGE*VINCENTE*C***MI*1009738141V101265~DTM*050*20211116~SVC*HC:90834:95*120*0~DTM*472*20211018~CAS*CO*288*120~REF*6R*907637-6530~LQ*HE*N489~LX*3~CLP*2009-6498*1*150*117.32**VA*H320X16BJ0000*11*1~NM1*QC*1*COOPER*BYRON*A***MI*1015958826V189285~DTM*050*20211116~AMT*AU*117.32~SVC*HC:90837:95*150*117.32~DTM*472*20211113~CAS*CO*45*32.68~REF*6R*9152009-6498~AMT*B6*117.32~LX*4~CLP*742-6483*1*150*0**VA*H320X16GG0000*02*1~NM1*QC*1*ELVENIA*HENRY****MI*1018760076V111339~DTM*050*20211116~SVC*HC:90837*150*0~DTM*472*20211112~CAS*CO*288*150~REF*6R*312742-6483~LQ*HE*N489~LX*5~CLP*642-6517*1*120*79.51**VA*H320X164M0000*11*1~NM1*QC*1*COLEMAN*LOREN*A***MI*1005435148V000047~DTM*050*20211116~AMT*AU*79.51~SVC*HC:90834:95*120*79.51~DTM*472*20211006~CAS*CO*45*40.49~REF*6R*349642-6517~AMT*B6*79.51~LX*6~CLP*642-6520*1*120*79.51**VA*H320X164N0000*11*1~NM1*QC*1*COLEMAN*LOREN*A***MI*1005435148V000047~DTM*050*20211116~AMT*AU*79.51~SVC*HC:90834:95*120*79.51~DTM*472*20211013~CAS*CO*45*40.49~REF*6R*350642-6520~AMT*B6*79.51~LX*7~CLP*642-6523*1*120*79.51**VA*H320X164P0000*11*1~NM1*QC*1*COLEMAN*LOREN*A***MI*1005435148V000047~DTM*050*20211116~AMT*AU*79.51~SVC*HC:90834:95*120*79.51~DTM*472*20211020~CAS*CO*45*40.49~REF*6R*351642-6523~AMT*B6*79.51~LX*8~CLP*642-6526*1*120*79.51**VA*H320X164Q0000*11*1~NM1*QC*1*COLEMAN*LOREN*A***MI*1005435148V000047~DTM*050*20211116~AMT*AU*79.51~SVC*HC:90834:95*120*79.51~DTM*472*20211027~CAS*CO*45*40.49~REF*6R*352642-6526~AMT*B6*79.51~LX*9~CLP*637-6532*1*120*0**VA*H320X164R0000*11*1~NM1*QC*1*JORGE*VINCENTE*C***MI*1009738141V101265~DTM*050*20211116~SVC*HC:90834:95*120*0~DTM*472*20211022~CAS*CO*288*120~REF*6R*355637-6532~LQ*HE*N489~LX*10~CLP*637-6541*1*120*0**VA*H320X164S0000*11*1~NM1*QC*1*JORGE*VINCENTE*C***MI*1009738141V101265~DTM*050*20211116~SVC*HC:90834:95*120*0~DTM*472*20211025~CAS*CO*288*120~REF*6R*364637-6541~LQ*HE*N489~LX*11~CLP*625-6540*1*120*0**VA*H320X164T0000*11*1~NM1*QC*1*BOTELLO*ISIS****MI*1039443374V490788~DTM*050*20211116~SVC*HC:90834:95*120*0~DTM*472*20211019~CAS*CO*288*120~REF*6R*363625-6540~LQ*HE*N489~SE*122*0001~GE*1*894219720~IEA*1*894219720~