ISA*00*          *00*          *ZZ*330897513      *ZZ*MEDBOSSC       *210901*1159*^*00501*867573565*0*P*:~GS*HP*330897513*MEDBOSSC*20210901*1159*867573565*X*005010X221A1~ST*835*0001~BPR*I*205.28*C*ACH*CCP*01*121301028*DA*0006883451*1990309519**01*321370765*DA*8102075433*20210903~TRN*1*30248958*1990309519~DTM*405*20210901~N1*PR*ALOHACARE~N3*1357 KAPIOLANI BLVD*SUITE 1250~N4*HONOLULU*HI*96814~REF*2U*MEDICAID752777124~PER*BL*ALOHACARE EDI*TE*8089731650*EM*EDI@ALOHACARE.ORG~N1*PE*SERENITY COUNSELING SERVICES HAWAII*XX*1588011043~N3*99-149 MOANALUA RD RM 201~N4*AIEA*HI*96701~REF*TJ*812344400~LX*1~CLP*741-3760*1*150*95.52**MC*2124292757*02*1~NM1*QC*1*EDOUARD*ANDREA*C***MI*0002184616~NM1*82*1*PLAYTER*AILEEN*T***XX*1013394097~DTM*232*20210812~DTM*233*20210812~AMT*AU*95.52~SVC*HC:90837:95*150*95.52~DTM*472*20210812~CAS*CO*45*54.48~REF*6R*407741-3760~AMT*B6*95.52~CLP*705-3777*1*150*109.76**MC*2124292650*11*1~NM1*QC*1*TURNBOW*LUCKY*B***MI*0002449003~NM1*82*1*PLAYTER*AILEEN*T***XX*1013394097~DTM*232*20210813~DTM*233*20210813~AMT*AU*109.76~SVC*HC:90837:95*150*109.76~DTM*472*20210813~CAS*CO*45*40.24~REF*6R*032705-3777~AMT*B6*109.76~SE*37*0001~GE*1*867573565~IEA*1*867573565~