ISA*00*          *00*          *ZZ*330897513      *ZZ*MEDBOSSC       *211021*0717*^*00501*884229715*0*P*:~GS*HP*330897513*MEDBOSSC*20211021*0717*884229715*X*005010X221A1~ST*835*0001~BPR*I*486.8*C*ACH*CCP*01*121301015*DA*01076140*1990040115**01*321370765*DA*8102075433*20211021~TRN*1*2007210*1990040115~REF*F2*5.40~DTM*405*20211015~N1*PR*HAWAII MEDICAL SERVICE ASSOCIATION~N3*818 KEEAUMOKU ST~N4*HONOLULU*HI*96814~PER*BL*ETS*TE*8089486355~N1*PE*SERENITY COUNSELING SERVICES HAWAII LLC*XX*1588011043~REF*TJ*812344400~LX*1~CLP*897-5355*1*120*68.38**MC*21285E001595*02~NM1*QC*1*PEITERSON*SCOTT****MI*0002449442~NM1*82*2*LINARES*****XX*1699008045~DTM*232*20211008~DTM*233*20211008~DTM*050*20211011~AMT*AU*68.38~SVC*HC:90834:95*120*68.38~CAS*CO*45*51.62~REF*6R*615897-5355~AMT*B6*68.38~CLP*2065-5186*1*150*107.58**MC*21286E001103*02~NM1*QC*1*BIERENS*HELENA****MI*0001141216~NM1*74*1***M~NM1*82*2*MATSUMOTO*****XX*1427398312~DTM*232*20210905~DTM*233*20210905~DTM*050*20211012~AMT*AU*107.58~SVC*HC:90837:95*150*107.58~CAS*CO*45*42.42~REF*6R*7022065-5186~AMT*B6*107.58~CLP*950-4883*2*120*0**MC*21286E001620*02~NM1*QC*1*BRISENO*TRICIA****MI*0002466182~NM1*74*1***L~NM1*82*2*MATSUMOTO*****XX*1427398312~DTM*232*20210829~DTM*233*20210829~DTM*050*20211012~SVC*HC:90847:95*120*0~CAS*OA*23*120~REF*6R*195950-4883~CLP*2062-5443*1*180*101.63**MC*21287E002079*02~NM1*QC*1*MEYERS*LESTER****MI*0002265972~NM1*74*1*MEYERS JR JR.~NM1*82*2*MATSUMOTO*****XX*1427398312~DTM*232*20210911~DTM*233*20210911~DTM*050*20211013~AMT*AU*101.63~SVC*HC:90791:95*180*101.63~CAS*CO*45*78.37~REF*6R*5732062-5443~AMT*B6*101.63~CLP*2119-5407*1*180*101.63**MC*21288E001628*02~NM1*QC*1*KAUVAKA*ROBYN****MI*0000641037~NM1*74*1*KAHELE~NM1*82*2*LINARES*****XX*1699008045~DTM*232*20211011~DTM*233*20211011~DTM*050*20211014~AMT*AU*101.63~SVC*HC:90791:95*180*101.63~CAS*CO*45*78.37~REF*6R*2552119-5407~AMT*B6*101.63~CLP*771-3666*1*150*0**MC*21288E001729*02~NM1*QC*1*MARTINEA*TRIPPET****MI*0002356610~NM1*74*1*TRIPPETT*MARTINEA~NM1*82*2*MATSUMOTO*****XX*1427398312~DTM*232*20210807~DTM*233*20210807~DTM*050*20211014~SVC*HC:90837:95*150*0~CAS*OA*18*150~REF*6R*990771-3666~LQ*HE*N522~CLP*771-4213*1*150*0**MC*21288E001812*02~NM1*QC*1*MARTINEA*TRIPPET****MI*0002356610~NM1*74*1*TRIPPETT*MARTINEA~NM1*82*2*MATSUMOTO*****XX*1427398312~DTM*232*20210612~DTM*233*20210612~DTM*050*20211014~SVC*HC:90837:95*150*0~CAS*OA*18*150~REF*6R*991771-4213~LQ*HE*N522~CLP*771-2143*1*150*0**MC*21288E001871*02~NM1*QC*1*MARTINEA*TRIPPET****MI*0002356610~NM1*74*1*TRIPPETT*MARTINEA~NM1*82*2*MATSUMOTO*****XX*1427398312~DTM*232*20210619~DTM*233*20210619~DTM*050*20211014~SVC*HC:90837:95*150*0~CAS*OA*18*150~REF*6R*987771-2143~LQ*HE*N522~CLP*771-2596*1*150*0**MC*21288E002045*02~NM1*QC*1*MARTINEA*TRIPPET****MI*0002356610~NM1*74*1*TRIPPETT*MARTINEA~NM1*82*2*MATSUMOTO*****XX*1427398312~DTM*232*20210704~DTM*233*20210704~DTM*050*20211014~SVC*HC:90837:95*150*0~CAS*OA*18*150~REF*6R*988771-2596~LQ*HE*N522~CLP*2065-5465*1*150*107.58**MC*21288E002142*02~NM1*QC*1*BIERENS*HELENA****MI*0001141216~NM1*74*1***M~NM1*82*2*MATSUMOTO*****XX*1427398312~DTM*232*20210919~DTM*233*20210919~DTM*050*20211014~AMT*AU*107.58~SVC*HC:90837:95*150*107.58~CAS*CO*45*42.42~REF*6R*2002065-5465~AMT*B6*107.58~SE*126*0001~GE*1*884229715~IEA*1*884229715~