ISA*00*          *00*          *ZZ*330897513      *ZZ*MEDBOSSC       *210923*1223*^*00501*874268750*0*P*:~GS*HP*330897513*MEDBOSSC*20210923*1223*874268750*X*005010X221A1~ST*835*0001~BPR*I*160.08*C*ACH*CCP*01*121301028*DA*0006883451*1990309519**01*321370765*DA*8102075433*20210924~TRN*1*30253397*1990309519~DTM*405*20210922~N1*PR*ALOHACARE~N3*1357 KAPIOLANI BLVD*SUITE 1250~N4*HONOLULU*HI*96814~REF*2U*MEDICAID752777124~PER*BL*ALOHACARE EDI*TE*8089731650*EM*EDI@ALOHACARE.ORG~N1*PE*SERENITY COUNSELING SERVICES HAWAII*XX*1588011043~N3*99-149 MOANALUA RD RM 201~N4*AIEA*HI*96701~REF*TJ*812344400~LX*1~CLP*705-4648*1*120*64.56**MC*2126492940*02*1~NM1*QC*1*TURNBOW*LUCKY*B***MI*0002449003~NM1*82*1*PLAYTER*AILEEN*T***XX*1013394097~DTM*232*20210912~DTM*233*20210912~AMT*AU*64.56~SVC*HC:90834:95*120*64.56~DTM*472*20210912~CAS*CO*45*55.44~REF*6R*628705-4648~AMT*B6*64.56~CLP*705-4352*1*150*95.52**MC*2126493067*02*1~NM1*QC*1*TURNBOW*LUCKY*B***MI*0002449003~NM1*82*1*PLAYTER*AILEEN*T***XX*1013394097~DTM*232*20210827~DTM*233*20210827~AMT*AU*95.52~SVC*HC:90837:95*150*95.52~DTM*472*20210827~CAS*CO*45*54.48~REF*6R*904705-4352~AMT*B6*95.52~SE*37*0001~GE*1*874268750~IEA*1*874268750~