ISA*00*          *00*          *ZZ*330897513      *ZZ*MEDBOSSC       *210825*0902*^*00501*864960134*0*P*:~GS*HP*330897513*MEDBOSSC*20210825*0902*864960134*X*005010X221A1~ST*835*0001~BPR*I*177.85*C*CHK************20210824~TRN*1*0010134098VT1*1860813402~REF*EV*7GW1459CA3~REF*F2*1588011043    R35010824001304~DTM*405*20210824~N1*PR*TRIWEST HEALTHCARE ALLIANCE~N3*PO BOX 42270~N4*PHOENIX*AZ*850802270~PER*CX**TE*8772268749~PER*BL*VA CCN PROVIDER SERVICES*TE*8889017407~PER*IC**UR*WWW.VACOMMUNITYCARE.COM~N1*PE*DAVID LINARES*XX*1588011043~N3*APT 3U*94-1261 LUMIKULA ST~N4*WAIPAHU*HI*96797~REF*TJ*812344400~LX*1~CLP*869-2869*1*150*102.35**VA*H200X0WCD0000*02*1~NM1*QC*1*CORRALES*CORI****MI*1019163921V917003~DTM*050*20210719~AMT*AU*102.35~SVC*HC:90837:95*150*102.35~DTM*472*20210712~CAS*CO*45*47.65~REF*6R*995869-2869~AMT*B6*102.35~LX*2~CLP*928393033*1*175*0**VA*H208Z47500000*11*1~NM1*QC*1*RUNNELS*TRAVIS****MI*000557503~DTM*050*20210727~SVC*HC:90837:95*175*0~DTM*472*20210312~CAS*CO*288*175~LQ*HE*N489~LX*3~CLP*603-3246*1*120*75.5**VA*H235X29840000*11*1~NM1*QC*1*AYERS*JERAME****MI*1003726487V072972~DTM*050*20210823~AMT*AU*75.5~SVC*HC:90846:95*120*75.5~DTM*472*20210726~CAS*CO*45*44.5~REF*6R*577603-3246~AMT*B6*75.5~SE*45*0001~GE*1*864960134~IEA*1*864960134~