ISA*00*          *00*          *ZZ*330897513      *ZZ*MEDBOSSC       *211116*0706*^*00501*892763164*0*P*:~GS*HP*330897513*MEDBOSSC*20211116*0706*892763164*X*005010X221A1~ST*835*0001~BPR*I*117.31*C*ACH*CCP*01*043301627*DA*1082049135*1571132733*000000000*01*321370765*DA*8102075433*20211117~TRN*1*5052902315TA2*1571132733*000000000~REF*EV*7GW0013CA3~REF*F2*1588011043    R88011111006353~DTM*405*20211111~N1*PR*PGBA,LLC~N3*TRICARE WEST REGION CLAIMS*P.O. BOX 202112~N4*FLORENCE*SC*295022112~PER*CX*TRICARE WEST REGION CLAIMS CORRESPONDENCE*TE*8448669378~PER*BL*TRICARE ELECTRONIC CLAIMS SERVICE CENTER*TE*8003255920~N1*PE*SERENITY COUNSELING SERVICES*XX*1588011043~N3*201*99-149 MOANALUA RD~N4*AIEA*HI*96701~REF*TJ*812344400~LX*1~CLP*595-6311*1*150*117.31**CH*H313X0RSW0000*11*1~NM1*QC*1*KOTICH*MICHAEL*A***HN*595-6311~NM1*82*1*PLAYTER*AILEEN*T***XX*1013394097~REF*1H*575843780~DTM*050*20211109~AMT*AU*117.31~SVC*HC:90837:95*150*117.31~DTM*472*20211102~CAS*CO*45*32.69~REF*6R*766595-6311~AMT*B6*117.31~SE*28*0001~ST*835*0002~BPR*I*1006.54*C*ACH*CCP*01*043301627*DA*1077670664*1571132733*000000000*01*321370765*DA*8102075433*20211117~TRN*1*5100279316TR2*1571132733*000000000~REF*EV*7GW0013CA3~REF*F2*1588011043    R88011112003249~DTM*405*20211112~N1*PR*PGBA,LLC~N3*TRICARE WEST REGION CLAIMS*P.O. BOX 202112~N4*FLORENCE*SC*295022112~PER*CX*TRICARE WEST REGION CLAIMS CORRESPONDENCE*TE*8448669378~PER*BL*TRICARE ELECTRONIC CLAIMS SERVICE CENTER*TE*8003255920~N1*PE*SERENITY COUNSELING SERVICES*XX*1588011043~N3*201*99-149 MOANALUA RD~N4*AIEA*HI*96701~REF*TJ*812344400~LX*1~CLP*621-3413*1*120*52.76*17.58*CH*H315X458B0000*02*1~NM1*QC*1*ORTIZ*GRACE*M***HN*621-3413~NM1*IL*1*ORTIZ*DAVID*A***MI*546177831~NM1*82*1*FERREIRA*LORI****XX*1811143126~REF*1H*576766277~DTM*050*20211111~AMT*AU*70.34~SVC*HC:90834:95*120*52.76~DTM*472*20210714~CAS*CO*45*49.66~CAS*PR*2*17.58~REF*6R*059621-3413~AMT*B6*70.34~LX*2~CLP*621-3415*1*120*52.76*17.58*CH*H315X458C0000*02*1~NM1*QC*1*ORTIZ*GRACE*M***HN*621-3415~NM1*IL*1*ORTIZ*DAVID*A***MI*546177831~NM1*82*1*FERREIRA*LORI****XX*1811143126~REF*1H*576766277~DTM*050*20211111~AMT*AU*70.34~SVC*HC:90834:95*120*52.76~DTM*472*20210721~CAS*CO*45*49.66~CAS*PR*2*17.58~REF*6R*060621-3415~AMT*B6*70.34~LX*3~CLP*621-3417*1*120*56.88*18.96*CH*H315X458D0000*02*1~NM1*QC*1*ORTIZ*GRACE*M***HN*621-3417~NM1*IL*1*ORTIZ*DAVID*A***MI*546177831~NM1*82*1*FERREIRA*LORI****XX*1811143126~REF*1H*576766277~DTM*050*20211111~AMT*AU*75.84~SVC*HC:90846:95*120*56.88~DTM*472*20210728~CAS*CO*45*44.16~CAS*PR*2*18.96~REF*6R*061621-3417~AMT*B6*75.84~LX*4~CLP*621-6098*1*120*52.76*17.58*CH*H315X458F0000*02*1~NM1*QC*1*ORTIZ*GRACE*M***HN*621-6098~NM1*IL*1*ORTIZ*DAVID*A***MI*546177831~NM1*82*1*FERREIRA*LORI****XX*1811143126~REF*1H*576766277~DTM*050*20211111~AMT*AU*70.34~SVC*HC:90834:95*120*52.76~DTM*472*20210904~CAS*CO*45*49.66~CAS*PR*2*17.58~REF*6R*062621-6098~AMT*B6*70.34~LX*5~CLP*621-6100*1*120*52.76*17.58*CH*H315X458G0000*02*1~NM1*QC*1*ORTIZ*GRACE*M***HN*621-6100~NM1*IL*1*ORTIZ*DAVID*A***MI*546177831~NM1*82*1*FERREIRA*LORI****XX*1811143126~REF*1H*576766277~DTM*050*20211111~AMT*AU*70.34~SVC*HC:90834:95*120*52.76~DTM*472*20210908~CAS*CO*45*49.66~CAS*PR*2*17.58~REF*6R*063621-6100~AMT*B6*70.34~LX*6~CLP*621-6102*1*120*52.76*17.58*CH*H315X458H0000*02*1~NM1*QC*1*ORTIZ*GRACE*M***HN*621-6102~NM1*IL*1*ORTIZ*DAVID*A***MI*546177831~NM1*82*1*FERREIRA*LORI****XX*1811143126~REF*1H*576766277~DTM*050*20211111~AMT*AU*70.34~SVC*HC:90834:95*120*52.76~DTM*472*20210918~CAS*CO*45*49.66~CAS*PR*2*17.58~REF*6R*064621-6102~AMT*B6*70.34~LX*7~CLP*621-6104*1*120*52.76*17.58*CH*H315X458J0000*02*1~NM1*QC*1*ORTIZ*GRACE*M***HN*621-6104~NM1*IL*1*ORTIZ*DAVID*A***MI*546177831~NM1*82*1*FERREIRA*LORI****XX*1811143126~REF*1H*576766277~DTM*050*20211111~AMT*AU*70.34~SVC*HC:90834:95*120*52.76~DTM*472*20210925~CAS*CO*45*49.66~CAS*PR*2*17.58~REF*6R*065621-6104~AMT*B6*70.34~LX*8~CLP*621-6147*1*120*52.76*17.58*CH*H315X458K0000*02*1~NM1*QC*1*ORTIZ*GRACE*M***HN*621-6147~NM1*IL*1*ORTIZ*DAVID*A***MI*546177831~NM1*82*1*FERREIRA*LORI****XX*1811143126~REF*1H*576766277~DTM*050*20211111~AMT*AU*70.34~SVC*HC:90834:95*120*52.76~DTM*472*20211002~CAS*CO*45*49.66~CAS*PR*2*17.58~REF*6R*066621-6147~AMT*B6*70.34~LX*9~CLP*621-6150*1*120*52.76*17.58*CH*H315X458L0000*02*1~NM1*QC*1*ORTIZ*GRACE*M***HN*621-6150~NM1*IL*1*ORTIZ*DAVID*A***MI*546177831~NM1*82*1*FERREIRA*LORI****XX*1811143126~REF*1H*576766277~DTM*050*20211111~AMT*AU*70.34~SVC*HC:90834:95*120*52.76~DTM*472*20211009~CAS*CO*45*49.66~CAS*PR*2*17.58~REF*6R*067621-6150~AMT*B6*70.34~LX*10~CLP*621-6152*1*120*52.76*17.58*CH*H315X458M0000*02*1~NM1*QC*1*ORTIZ*GRACE*M***HN*621-6152~NM1*IL*1*ORTIZ*DAVID*A***MI*546177831~NM1*82*1*FERREIRA*LORI****XX*1811143126~REF*1H*576766277~DTM*050*20211111~AMT*AU*70.34~SVC*HC:90834:95*120*52.76~DTM*472*20211016~CAS*CO*45*49.66~CAS*PR*2*17.58~REF*6R*068621-6152~AMT*B6*70.34~LX*11~CLP*621-6154*1*120*52.76*17.58*CH*H315X458N0000*02*1~NM1*QC*1*ORTIZ*GRACE*M***HN*621-6154~NM1*IL*1*ORTIZ*DAVID*A***MI*546177831~NM1*82*1*FERREIRA*LORI****XX*1811143126~REF*1H*576766277~DTM*050*20211111~AMT*AU*70.34~SVC*HC:90834:95*120*52.76~DTM*472*20211020~CAS*CO*45*49.66~CAS*PR*2*17.58~REF*6R*069621-6154~AMT*B6*70.34~LX*12~CLP*621-6156*1*120*52.76*17.58*CH*H315X458P0000*02*1~NM1*QC*1*ORTIZ*GRACE*M***HN*621-6156~NM1*IL*1*ORTIZ*DAVID*A***MI*546177831~NM1*82*1*FERREIRA*LORI****XX*1811143126~REF*1H*576766277~DTM*050*20211111~AMT*AU*70.34~SVC*HC:90834:95*120*52.76~DTM*472*20211030~CAS*CO*45*49.66~CAS*PR*2*17.58~REF*6R*070621-6156~AMT*B6*70.34~LX*13~CLP*621-6179*1*120*52.76*17.58*CH*H315X458Q0000*02*1~NM1*QC*1*ORTIZ*GRACE*M***HN*621-6179~NM1*IL*1*ORTIZ*DAVID*A***MI*546177831~NM1*82*1*FERREIRA*LORI****XX*1811143126~REF*1H*576766277~DTM*050*20211111~AMT*AU*70.34~SVC*HC:90834:95*120*52.76~DTM*472*20210811~CAS*CO*45*49.66~CAS*PR*2*17.58~REF*6R*071621-6179~AMT*B6*70.34~LX*14~CLP*621-6182*1*120*52.76*17.58*CH*H315X458R0000*02*1~NM1*QC*1*ORTIZ*GRACE*M***HN*621-6182~NM1*IL*1*ORTIZ*DAVID*A***MI*546177831~NM1*82*1*FERREIRA*LORI****XX*1811143126~REF*1H*576766277~DTM*050*20211111~AMT*AU*70.34~SVC*HC:90834:95*120*52.76~DTM*472*20210818~CAS*CO*45*49.66~CAS*PR*2*17.58~REF*6R*072621-6182~AMT*B6*70.34~LX*15~CLP*621-6289*1*120*52.76*17.58*CH*H315X458S0000*02*1~NM1*QC*1*ORTIZ*GRACE*M***HN*621-6289~NM1*IL*1*ORTIZ*DAVID*A***MI*546177831~NM1*82*1*FERREIRA*LORI****XX*1811143126~REF*1H*576766277~DTM*050*20211111~AMT*AU*70.34~SVC*HC:90834:95*120*52.76~DTM*472*20210804~CAS*CO*45*49.66~CAS*PR*2*17.58~REF*6R*073621-6289~AMT*B6*70.34~LX*16~CLP*621-3407*1*120*70.34**CH*H315X45870000*02*1~NM1*QC*1*ORTIZ*GRACE*M***HN*621-3407~NM1*IL*1*ORTIZ*DAVID*A***MI*546177831~NM1*82*1*FERREIRA*LORI****XX*1811143126~REF*1H*576766277~DTM*050*20211111~AMT*AU*70.34~SVC*HC:90834:95*120*70.34~DTM*472*20210616~CAS*CO*45*49.66~REF*6R*056621-3407~AMT*B6*70.34~LX*17~CLP*621-3409*1*120*70.34**CH*H315X45880000*02*1~NM1*QC*1*ORTIZ*GRACE*M***HN*621-3409~NM1*IL*1*ORTIZ*DAVID*A***MI*546177831~NM1*82*1*FERREIRA*LORI****XX*1811143126~REF*1H*576766277~DTM*050*20211111~AMT*AU*70.34~SVC*HC:90834:95*120*70.34~DTM*472*20210623~CAS*CO*45*49.66~REF*6R*057621-3409~AMT*B6*70.34~LX*18~CLP*621-3411*1*120*70.34**CH*H315X45890000*02*1~NM1*QC*1*ORTIZ*GRACE*M***HN*621-3411~NM1*IL*1*ORTIZ*DAVID*A***MI*546177831~NM1*82*1*FERREIRA*LORI****XX*1811143126~REF*1H*576766277~DTM*050*20211111~AMT*AU*70.34~SVC*HC:90834:95*120*70.34~DTM*472*20210630~CAS*CO*45*49.66~REF*6R*058621-3411~AMT*B6*70.34~SE*265*0002~GE*2*892763164~IEA*1*892763164~