ISA*00*          *00*          *ZZ*330897513      *ZZ*MEDBOSSC       *211027*0712*^*00501*885872722*0*P*:~GS*HP*330897513*MEDBOSSC*20211027*0712*885872722*X*005010X221A1~ST*835*0001~BPR*I*407.83*C*ACH*CCP*01*043301627*DA*1082049135*1571132733*000000000*01*321370765*DA*8102075433*20211028~TRN*1*5030482295TA2*1571132733*000000000~REF*EV*7GW0013CA3~REF*F2*1588011043    R88011022006011~DTM*405*20211022~N1*PR*PGBA,LLC~N3*TRICARE WEST REGION CLAIMS*P.O. BOX 202112~N4*FLORENCE*SC*295022112~PER*CX*TRICARE WEST REGION CLAIMS CORRESPONDENCE*TE*8448669378~PER*BL*TRICARE ELECTRONIC CLAIMS SERVICE CENTER*TE*8003255920~N1*PE*SERENITY COUNSELING SERVICES*XX*1588011043~N3*201*99-149 MOANALUA RD~N4*AIEA*HI*96701~REF*TJ*812344400~LX*1~CLP*595-3571*1*120*70.34**CH*H293X0Y3Q0000*02*1~NM1*QC*1*KOTICH*MICHAEL*A***HN*595-3571~NM1*82*1*PLAYTER*AILEEN*T***XX*1013394097~REF*1H*575843780~DTM*050*20211020~AMT*AU*70.34~SVC*HC:90834:95*120*70.34~DTM*472*20210803~CAS*CO*45*49.66~REF*6R*143595-3571~AMT*B6*70.34~LX*2~CLP*595-3262*1*120*70.34**CH*H293X0Y3R0000*02*1~NM1*QC*1*KOTICH*MICHAEL*A***HN*595-3262~NM1*82*1*PLAYTER*AILEEN*T***XX*1013394097~REF*1H*575843780~DTM*050*20211020~AMT*AU*70.34~SVC*HC:90834:95*120*70.34~DTM*472*20210727~CAS*CO*45*49.66~REF*6R*646595-3262~AMT*B6*70.34~LX*3~CLP*595-3749*1*120*70.34**CH*H293X0Y3X0000*02*1~NM1*QC*1*KOTICH*MICHAEL*A***HN*595-3749~NM1*82*1*PLAYTER*AILEEN*T***XX*1013394097~REF*1H*575843780~DTM*050*20211020~AMT*AU*70.34~SVC*HC:90834:95*120*70.34~DTM*472*20210810~CAS*CO*45*49.66~REF*6R*663595-3749~AMT*B6*70.34~LX*4~CLP*595-4021*1*150*117.31**CH*H293X0Y3Y0000*11*1~NM1*QC*1*KOTICH*MICHAEL*A***HN*595-4021~NM1*82*1*PLAYTER*AILEEN*T***XX*1013394097~REF*1H*575843780~DTM*050*20211020~AMT*AU*117.31~SVC*HC:90837:95*150*117.31~DTM*472*20210817~CAS*CO*45*32.69~REF*6R*597595-4021~AMT*B6*117.31~LX*5~CLP*595-4328*1*120*79.5**CH*H293X0Y430000*11*1~NM1*QC*1*KOTICH*MICHAEL*A***HN*595-4328~NM1*82*1*PLAYTER*AILEEN*T***XX*1013394097~REF*1H*575843780~DTM*050*20211020~AMT*AU*79.5~SVC*HC:90834:95*120*79.5~DTM*472*20210831~CAS*CO*45*40.5~REF*6R*182595-4328~AMT*B6*79.5~SE*76*0001~ST*835*0002~BPR*I*103.96*C*ACH*CCP*01*043301627*DA*1077670664*1571132733*000000000*01*321370765*DA*8102075433*20211028~TRN*1*5056961298TR2*1571132733*000000000~REF*EV*7GW0013CA3~REF*F2*1588011043    R88011025003999~DTM*405*20211025~N1*PR*PGBA,LLC~N3*TRICARE WEST REGION CLAIMS*P.O. BOX 202112~N4*FLORENCE*SC*295022112~PER*CX*TRICARE WEST REGION CLAIMS CORRESPONDENCE*TE*8448669378~PER*BL*TRICARE ELECTRONIC CLAIMS SERVICE CENTER*TE*8003255920~N1*PE*SERENITY COUNSELING SERVICES*XX*1588011043~N3*201*99-149 MOANALUA RD~N4*AIEA*HI*96701~REF*TJ*812344400~LX*1~CLP*2034-5658*1*150*51.98*51.98*CH*H295X4F1N0000*02*1~NM1*QC*1*REINHARDT*MICHELLE*R***HN*2034-5658~NM1*IL*1*COX*JAMES*R***MI*405355700~NM1*82*1*PLAYTER*AILEEN*T***XX*1013394097~REF*1H*575843780~DTM*050*20211022~AMT*AU*103.96~SVC*HC:90837:95*150*51.98~DTM*472*20211021~CAS*CO*242*46.04~CAS*PR*2*51.98~REF*6R*1462034-5658~AMT*B6*103.96~LQ*HE*N212~LX*2~CLP*736-5669*1*150*51.98*51.98*CH*H295X4F1P0000*02*1~NM1*QC*1*COUTURE*CECILY*E***HN*736-5669~NM1*IL*1*SCOTT*BRENDEN*C***MI*536175447~NM1*82*1*PLAYTER*AILEEN*T***XX*1013394097~REF*1H*575843780~DTM*050*20211022~AMT*AU*103.96~SVC*HC:90837:95*150*51.98~DTM*472*20211021~CAS*CO*242*46.04~CAS*PR*2*51.98~REF*6R*148736-5669~AMT*B6*103.96~LQ*HE*N212~LX*3~CLP*2068-4674*1*220*0*135.03*CH*H298402760000*02*1~NM1*QC*1*QUICHOCHO*KAYLA*J***HN*2068-4674~NM1*IL*1*QUICHOCHO*SHAWN*M***MI*586026294~DTM*050*20211025~AMT*AU*135.03~SVC*HC:90792:95*220*0~DTM*472*20210913~CAS*CO*242*84.97~CAS*PR*1*135.03~AMT*B6*135.03~LQ*HE*N212~SE*58*0002~GE*2*885872722~IEA*1*885872722~