ISA*00*          *00*          *ZZ*330897513      *ZZ*MEDBOSSC       *211020*0853*^*00501*883472233*0*P*:~GS*HP*330897513*MEDBOSSC*20211020*0853*883472233*X*005010X221A1~ST*835*0001~BPR*I*139.87*C*ACH*CCP*01*031202770*DA*8026501176*1841160004*000000000*01*321370765*DA*8102075433*20211021~TRN*1*5462712291VT2*1860813402*000000000~REF*EV*7GW1459CA3~REF*F2*1588011043    R35011018002451~DTM*405*20211018~N1*PR*TRIWEST HEALTHCARE ALLIANCE~N3*PO BOX 42270~N4*PHOENIX*AZ*850802270~PER*CX**TE*8772268749~PER*BL*VA CCN PROVIDER SERVICES*TE*8002590264~PER*IC**UR*WWW.TRIWEST.COM~N1*PE*DAVID LINARES*XX*1588011043~N3*APT 3U*94-1261 LUMIKULA ST~N4*WAIPAHU*HI*96797~REF*TJ*812344400~LX*1~CLP*671-2777*1*120*0**VA*H285X1L860000*11*1~NM1*QC*1*AJOLO*CHRISTOPHER****MI*1018268258V574995~DTM*050*20211012~SVC*HC:90847:95*120*0~DTM*472*20210710~CAS*CO*288*120~REF*6R*878671-2777~LQ*HE*N489~LX*2~CLP*671-3973*1*120*0**VA*H286X1GM40000*11*1~NM1*QC*1*AJOLO*CHRISTOPHER****MI*1018268258V574995~DTM*050*20211013~SVC*HC:90847:95*120*0~DTM*472*20210724~CAS*CO*288*120~REF*6R*162671-3973~LQ*HE*N489~LX*3~CLP*2568744513*1*190*0**VA*H287X0W620000*11*1~NM1*QC*1*VELA*RAUL****MI*1012970852V621059~DTM*050*20211014~SVC*HC:90791:95*190*0~DTM*472*20210112~CAS*CO*29*190~REF*6R*6342568744513~LX*4~CLP*891-2178*1*180*139.87**VA*H288X15B40000*11*1~NM1*QC*1*HESTER*LAVONTE****MI*1040581062V188738~DTM*050*20211015~AMT*AU*139.87~SVC*HC:90791:95*180*139.87~DTM*472*20210621~CAS*CO*45*40.13~REF*6R*254891-2178~AMT*B6*139.87~LX*5~CLP*404-2065*1*120*0**VA*H288X17TB0000*02*1~NM1*QC*1*WHITE*GEORGE*G***MI*1004043552V466555~DTM*050*20211015~SVC*HC:90834:95*120*0~DTM*472*20210601~CAS*CO*288*120~REF*6R*189404-2065~LQ*HE*N489~LX*6~CLP*404-2067*1*120*0**VA*H288X17TC0000*11*1~NM1*QC*1*WHITE*GEORGE*G***MI*1004043552V466555~DTM*050*20211015~SVC*HC:90834:95*120*0~DTM*472*20210615~CAS*CO*288*120~REF*6R*190404-2067~LQ*HE*N489~LX*7~CLP*404-2069*1*120*0**VA*H288X17TD0000*11*1~NM1*QC*1*WHITE*GEORGE*G***MI*1004043552V466555~DTM*050*20211015~SVC*HC:90834:95*120*0~DTM*472*20210608~CAS*CO*288*120~REF*6R*191404-2069~LQ*HE*N489~LX*8~CLP*703-2607*1*120*0**VA*H288X17TF0000*11*1~NM1*QC*1*SAWICKI*EDWARD****MI*587722154~DTM*050*20211015~SVC*HC:90834:95*120*0~DTM*472*20210705~CAS*CO*288*120~REF*6R*235703-2607~LQ*HE*N489~LX*9~CLP*404-2059*1*120*0**VA*H288X17T90000*02*1~NM1*QC*1*WHITE*GEORGE*G***MI*1004043552V466555~DTM*050*20211015~SVC*HC:90834:95*120*0~DTM*472*20210616~CAS*CO*288*120~REF*6R*187404-2059~LQ*HE*N489~LX*10~CLP*555-214*1*120*0**VA*H288X19330000*11*1~NM1*QC*1*PATTERSON*ANTHONY****MI*1043227612V083802~DTM*050*20211015~SVC*HC:90834:95*120*0~DTM*472*20210411~CAS*CO*29*120~REF*6R*211555-214~LX*11~CLP*555-475*1*120*0**VA*H288X19340000*11*1~NM1*QC*1*PATTERSON*ANTHONY****MI*1043227612V083802~DTM*050*20211015~SVC*HC:90834:95*120*0~DTM*472*20210418~CAS*CO*288*120~REF*6R*212555-475~LQ*HE*N489~SE*115*0001~GE*1*883472233~IEA*1*883472233~