ISA*00*          *00*          *ZZ*330897513      *ZZ*MEDBOSSC       *210928*0811*^*00501*875798419*0*P*:~GS*HP*330897513*MEDBOSSC*20210928*0811*875798419*X*005010X221A1~ST*835*0001~BPR*I*102.35*C*ACH*CCP*01*031202770*DA*8026485161*1841160004*000000000*01*321370765*DA*8102075433*20210929~TRN*1*5447318267VT1*1860813402*000000000~REF*EV*7GW1459CA3~REF*F2*1588011043    R35010924001901~DTM*405*20210924~N1*PR*TRIWEST HEALTHCARE ALLIANCE~N3*PO BOX 42270~N4*PHOENIX*AZ*850802270~PER*CX**TE*8772268749~PER*BL*VA CCN PROVIDER SERVICES*TE*8889017407~PER*IC**UR*WWW.VACOMMUNITYCARE.COM~N1*PE*DAVID LINARES*XX*1588011043~N3*APT 3U*94-1261 LUMIKULA ST~N4*WAIPAHU*HI*96797~REF*TJ*812344400~LX*1~CLP*1952-4975*1*150*102.35**VA*H266X45P10000*02*1~NM1*QC*1*FRERKSON*CYNTHIA*C***MI*1014789550V732088~DTM*050*20210923~AMT*AU*102.35~SVC*HC:90837:95*150*102.35~DTM*472*20210921~CAS*CO*45*47.65~REF*6R*8091952-4975~AMT*B6*102.35~LX*2~CLP*555-129*1*120*0**VA*H266X45VB0000*11*1~NM1*QC*1*PATTERSON*ANTHONY****MI*1043227612V083802~DTM*050*20210923~SVC*HC:90834:95*120*0~DTM*472*20210405~CAS*CO*288*120~REF*6R*103555-129~LQ*HE*N489~SE*36*0001~GE*1*875798419~IEA*1*875798419~