ISA*00*          *00*          *ZZ*330897513      *ZZ*MEDBOSSC       *211117*0813*^*00501*893282660*0*P*:~GS*HP*330897513*MEDBOSSC*20211117*0813*893282660*X*005010X221A1~ST*835*0001~BPR*H*0*C*NON************20211116~TRN*1*R35011116003345*1860813402*000000000~REF*EV*7GW1459CA3~REF*F2*1588011043    R35011116003345~DTM*405*20211116~N1*PR*TRIWEST HEALTHCARE ALLIANCE~N3*PO BOX 42270~N4*PHOENIX*AZ*850802270~PER*CX**TE*8772268749~PER*BL*VA CCN PROVIDER SERVICES*TE*8002590264~PER*IC**UR*WWW.TRIWEST.COM~N1*PE*DAVID LINARES*XX*1588011043~N3*APT 3U*94-1261 LUMIKULA ST~N4*WAIPAHU*HI*96797~REF*TJ*812344400~LX*1~CLP*380-3687*1*120*0**VA*H287X0W5M0000*02*1~NM1*QC*1*HOY*JASON****MI*1014349522V275214~DTM*050*20211014~SVC*HC:90834:95*120*0~DTM*472*20210809~CAS*CO*288*120~REF*6R*615380-3687~LQ*HE*N489~SE*26*0001~ST*835*0002~BPR*I*750.3*C*ACH*CCP*01*031202770*DA*8026501176*1841160004*000000000*01*321370765*DA*8102075433*20211118~TRN*1*5473974319VT2*1860813402*000000000~REF*EV*7GW1459CA3~REF*F2*1588011043    R35011115003315~DTM*405*20211115~N1*PR*TRIWEST HEALTHCARE ALLIANCE~N3*PO BOX 42270~N4*PHOENIX*AZ*850802270~PER*CX**TE*8772268749~PER*BL*VA CCN PROVIDER SERVICES*TE*8002590264~PER*IC**UR*WWW.TRIWEST.COM~N1*PE*DAVID LINARES*XX*1588011043~N3*APT 3U*94-1261 LUMIKULA ST~N4*WAIPAHU*HI*96797~REF*TJ*812344400~LX*1~CLP*603-4956*1*120*78.14**VA*H266X45P00000*11*1~NM1*QC*1*AYERS*JERAME****MI*1003726487V072972~DTM*050*20210923~AMT*AU*78.14~SVC*HC:90847:95*120*78.14~DTM*472*20210920~CAS*CO*45*41.86~REF*6R*807603-4956~AMT*B6*78.14~LX*2~CLP*623-6234*1*120*70.34**VA*H314X1G1H0000*02*1~NM1*QC*1*BARRERA*DANNY****MI*1011766881V679915~DTM*050*20211110~AMT*AU*70.34~SVC*HC:90834:95*120*70.34~DTM*472*20210531~CAS*CO*45*49.66~REF*6R*377623-6234~AMT*B6*70.34~LX*3~CLP*623-6232*1*120*70.34**VA*H314X1G1J0000*02*1~NM1*QC*1*BARRERA*DANNY****MI*1011766881V679915~DTM*050*20211110~AMT*AU*70.34~SVC*HC:90834:95*120*70.34~DTM*472*20210524~CAS*CO*45*49.66~REF*6R*378623-6232~AMT*B6*70.34~LX*4~CLP*660-6246*1*120*0**VA*H314X1G1L0000*02*1~NM1*QC*1*BESTWICK*PAUL*A***MI*757536353~DTM*050*20211110~SVC*HC:90834:95*120*0~DTM*472*20210901~CAS*CO*288*120~REF*6R*383660-6246~LQ*HE*N489~LX*5~CLP*660-6172*1*120*0**VA*H314X1G100000*02*1~NM1*QC*1*BESTWICK*PAUL*A***MI*757536353~DTM*050*20211110~SVC*HC:90834:95*120*0~DTM*472*20210804~CAS*CO*288*120~REF*6R*362660-6172~LQ*HE*N489~LX*6~CLP*660-6174*1*120*0**VA*H314X1G110000*02*1~NM1*QC*1*BESTWICK*PAUL*A***MI*757536353~DTM*050*20211110~SVC*HC:90834:95*120*0~DTM*472*20210825~CAS*CO*288*120~REF*6R*363660-6174~LQ*HE*N489~LX*7~CLP*660-6228*1*120*0**VA*H314X1G120000*02*1~NM1*QC*1*BESTWICK*PAUL*A***MI*757536353~DTM*050*20211110~SVC*HC:90834:95*120*0~DTM*472*20210616~CAS*CO*288*120~REF*6R*364660-6228~LQ*HE*N489~LX*8~CLP*660-6230*1*120*0**VA*H314X1G130000*02*1~NM1*QC*1*BESTWICK*PAUL*A***MI*757536353~DTM*050*20211110~SVC*HC:90834:95*120*0~DTM*472*20210609~CAS*CO*288*120~REF*6R*365660-6230~LQ*HE*N489~LX*9~CLP*642-6177*1*120*0**VA*H314X1G140000*02*1~NM1*QC*1*COLEMAN*LOREN*A***MI*757179272~DTM*050*20211110~SVC*HC:90834:95*120*0~DTM*472*20210922~CAS*CO*288*120~REF*6R*366642-6177~LQ*HE*N489~LX*10~CLP*629-6200*1*120*70.34**VA*H314X1G150000*02*1~NM1*QC*1*GARRETT*GUNNAR****MI*1003957900V407664~DTM*050*20211110~AMT*AU*70.34~SVC*HC:90834:95*120*70.34~DTM*472*20210518~CAS*CO*45*49.66~REF*6R*367629-6200~AMT*B6*70.34~LX*11~CLP*629-6202*1*120*70.34**VA*H314X1G160000*02*1~NM1*QC*1*GARRETT*GUNNAR****MI*1003957900V407664~DTM*050*20211110~AMT*AU*70.34~SVC*HC:90834:95*120*70.34~DTM*472*20210525~CAS*CO*45*49.66~REF*6R*368629-6202~AMT*B6*70.34~LX*12~CLP*629-6204*1*120*70.34**VA*H314X1G170000*02*1~NM1*QC*1*GARRETT*GUNNAR****MI*1003957900V407664~DTM*050*20211110~AMT*AU*70.34~SVC*HC:90834:95*120*70.34~DTM*472*20210629~CAS*CO*45*49.66~REF*6R*369629-6204~AMT*B6*70.34~LX*13~CLP*629-6281*1*120*70.34**VA*H314X1G180000*02*1~NM1*QC*1*GARRETT*GUNNAR****MI*1003957900V407664~DTM*050*20211110~AMT*AU*70.34~SVC*HC:90834:95*120*70.34~DTM*472*20210601~CAS*CO*45*49.66~REF*6R*370629-6281~AMT*B6*70.34~LX*14~CLP*422-6236*1*120*0**VA*H316X1FPT0000*02*1~NM1*QC*1*LONDON*EVELYN****MI*1011376271V720636~DTM*050*20211112~SVC*HC:90834:95*120*0~DTM*472*20210524~CAS*CO*288*120~REF*6R*966422-6236~LQ*HE*N489~LX*15~CLP*422-6238*1*120*0**VA*H316X1FPV0000*02*1~NM1*QC*1*LONDON*EVELYN****MI*1011376271V720636~DTM*050*20211112~SVC*HC:90834:95*120*0~DTM*472*20210531~CAS*CO*288*120~REF*6R*967422-6238~LQ*HE*N489~LX*16~CLP*422-6218*1*120*0**VA*H316X1FPW0000*02*1~NM1*QC*1*LONDON*EVELYN****MI*1011376271V720636~DTM*050*20211112~SVC*HC:90834:95*120*0~DTM*472*20210607~CAS*CO*288*120~REF*6R*968422-6218~LQ*HE*N489~LX*17~CLP*750-6164*1*150*0**VA*H316X1GGJ0000*02*1~NM1*QC*1*TRAVIS*RUNNELS****MI*758625551~DTM*050*20211112~SVC*HC:90837:95*150*0~DTM*472*20211029~CAS*CO*288*150~REF*6R*332750-6164~LQ*HE*N489~LX*18~CLP*742-6303*1*150*0**VA*H316X1GGK0000*02*1~NM1*QC*1*ELVENIA*HENRY****MI*1018760076V111339~DTM*050*20211112~SVC*HC:90837:95*150*0~DTM*472*20211104~CAS*CO*288*150~REF*6R*333742-6303~LQ*HE*N489~LX*19~CLP*623-6343*1*120*0**VA*H316X1GGL0000*02*1~NM1*QC*1*BARRERA*DANNY****MI*1011766881V679915~DTM*050*20211112~SVC*HC:90834:95*120*0~DTM*472*20210816~CAS*CO*288*120~REF*6R*335623-6343~LQ*HE*N489~LX*20~CLP*623-6347*1*120*0**VA*H316X1GGM0000*02*1~NM1*QC*1*BARRERA*DANNY****MI*1011766881V679915~DTM*050*20211112~SVC*HC:90834:95*120*0~DTM*472*20210823~CAS*CO*288*120~REF*6R*336623-6347~LQ*HE*N489~LX*21~CLP*643-6220*1*120*0**VA*H316X18DZ0000*02*1~NM1*QC*1*MACEDO*SAMUEL****MI*757136824~DTM*050*20211112~SVC*HC:90834:95*120*0~DTM*472*20210609~CAS*CO*288*120~REF*6R*444643-6220~LQ*HE*N489~LX*22~CLP*625-6248*1*120*0**VA*H316X18F10000*02*1~NM1*QC*1*BOTELLO*ISIS****MI*763121590~DTM*050*20211112~SVC*HC:90834:95*120*0~DTM*472*20210927~CAS*CO*288*120~REF*6R*447625-6248~LQ*HE*N489~LX*23~CLP*625-6291*1*120*0**VA*H316X18F30000*02*1~NM1*QC*1*BOTELLO*ISIS****MI*763121590~DTM*050*20211112~SVC*HC:90834:95*120*0~DTM*472*20210802~CAS*CO*288*120~REF*6R*451625-6291~LQ*HE*N489~LX*24~CLP*625-6293*1*120*0**VA*H316X18F50000*02*1~NM1*QC*1*BOTELLO*ISIS****MI*763121590~DTM*050*20211112~SVC*HC:90834:95*120*0~DTM*472*20210809~CAS*CO*288*120~REF*6R*456625-6293~LQ*HE*N489~LX*25~CLP*591-6267*1*120*0**VA*H316X19LH0000*02*1~NM1*QC*1*READ*HOLLIS****MI*634460299~DTM*050*20211112~SVC*HC:90834:95*120*0~DTM*472*20211104~CAS*CO*288*120~REF*6R*037591-6267~LQ*HE*N489~LX*26~CLP*404-6240*1*120*0**VA*H316X19LJ0000*02*1~NM1*QC*1*WHITE*GEORGE*G***MI*1004043552V466555~DTM*050*20211112~SVC*HC:90834:95*120*0~DTM*472*20210525~CAS*CO*288*120~REF*6R*038404-6240~LQ*HE*N489~LX*27~CLP*816-6244*1*120*70.34**VA*H316X19LK0000*02*1~NM1*QC*1*PEDERSON*JANET****MI*1018315345V659698~DTM*050*20211112~AMT*AU*70.34~SVC*HC:90834:95*120*70.34~DTM*472*20210904~CAS*CO*45*49.66~REF*6R*039816-6244~AMT*B6*70.34~LX*28~CLP*603-6299*1*150*103.95**VA*H316X19LL0000*02*1~NM1*QC*1*AYERS*JERAME****MI*1003726487V072972~DTM*050*20211112~AMT*AU*103.95~SVC*HC:90837:95*150*103.95~DTM*472*20211105~CAS*CO*45*46.05~REF*6R*040603-6299~AMT*B6*103.95~LX*29~CLP*603-6301*1*120*75.83**VA*H316X19LM0000*02*1~NM1*QC*1*AYERS*JERAME****MI*1003726487V072972~DTM*050*20211112~AMT*AU*75.83~SVC*HC:90846:95*120*75.83~DTM*472*20211101~CAS*CO*45*44.17~REF*6R*041603-6301~AMT*B6*75.83~LX*30~CLP*661-6278*1*120*0**VA*H316X19LN0000*02*1~NM1*QC*1*ACOSTA*FRANCISCO****MI*1019439390V597194~DTM*050*20211112~SVC*HC:90834:95*120*0~DTM*472*20210508~CAS*CO*29*120~REF*6R*042661-6278~SE*296*0002~GE*2*893282660~IEA*1*893282660~