ISA*00*          *00*          *ZZ*330897513      *ZZ*MEDBOSSC       *210908*0906*^*00501*869233992*0*P*:~GS*HP*330897513*MEDBOSSC*20210908*0906*869233992*X*005010X221A1~ST*835*0001~BPR*I*75.83*C*ACH*CCP*01*031202770*DA*8026485161*1841160004*000000000*01*321370765*DA*8102075433*20210909~TRN*1*5471789249VT1*1860813402*000000000~REF*EV*7GW1459CA3~REF*F2*1588011043    R35010906002352~DTM*405*20210906~N1*PR*TRIWEST HEALTHCARE ALLIANCE~N3*PO BOX 42270~N4*PHOENIX*AZ*850802270~PER*CX**TE*8772268749~PER*BL*VA CCN PROVIDER SERVICES*TE*8889017407~PER*IC**UR*WWW.VACOMMUNITYCARE.COM~N1*PE*DAVID LINARES*XX*1588011043~N3*APT 3U*94-1261 LUMIKULA ST~N4*WAIPAHU*HI*96797~REF*TJ*812344400~LX*1~CLP*742-3296*1*120*0**VA*H217X1LYW0000*11*1~NM1*QC*1*ELVENIA*HENRY****MI*1018760076V111339~DTM*050*20210805~SVC*HC:90834:95*120*0~DTM*472*20210729~CAS*CO*288*120~REF*6R*134742-3296~LQ*HE*N489~LX*2~CLP*703-3494*1*120*0**VA*H217X1LYX0000*02*1~NM1*QC*1*SAWICKI*EDWARD****MI*587722154~DTM*050*20210805~SVC*HC:90834:95*120*0~DTM*472*20210802~CAS*CO*288*120~REF*6R*141703-3494~LQ*HE*N489~LX*3~CLP*603-3525*1*120*75.83**VA*H235X29820000*02*1~NM1*QC*1*AYERS*JERAME****MI*1003726487V072972~DTM*050*20210823~AMT*AU*75.83~SVC*HC:90846:95*120*75.83~DTM*472*20210802~CAS*CO*45*44.17~REF*6R*575603-3525~AMT*B6*75.83~LX*4~CLP*703-3681*1*180*0**VA*H239X0WK20000*11*1~NM1*QC*1*SAWICKI*EDWARD****MI*587722154~DTM*050*20210827~SVC*HC:90791:95*180*0~DTM*472*20210809~CAS*CO*288*180~REF*6R*660703-3681~LQ*HE*N489~SE*54*0001~GE*1*869233992~IEA*1*869233992~