ISA*00*          *00*          *ZZ*330897513      *ZZ*MEDBOSSC       *210727*0728*^*00501*855666838*0*P*:~GS*HP*330897513*MEDBOSSC*20210727*0728*855666838*X*005010X221A1~ST*835*0001~BPR*I*473.37*C*ACH*CCP*01*121301015*DA*48070310*1990040115**01*321370765*DA*81020-75433*20210727~TRN*1*1646034*1990040115~REF*F2*5.40~DTM*405*20210722~N1*PR*HAWAII MEDICAL SERVICE ASSOCIATION~N3*818 KEEAUMOKU ST~N4*HONOLULU*HI*96814~PER*BL*ETS*TE*8089486355~N1*PE*SERENITY COUNSELING SERVIC*XX*1588011043~REF*TJ*812344400~LX*1~CLP*554-2950*1*120*87.97*12*12*21200E0005602*02~NM1*QC*1*KAWAMOTO*RENEE****MI*R000080509243~NM1*IL*1*KAWAMOTO*RENEE****MI*R000080509243~NM1*74*1**KALEN*M~NM1*82*1*LINARES*DAVID****XX*1699008045~REF*CE*686~DTM*232*20210716~DTM*233*20210716~DTM*050*20210718~AMT*AU*99.97~SVC*HC:90834:95*120*87.97~CAS*PR*3*12~CAS*CO*45*20.03~REF*6R*471554-2950~AMT*B6*99.97~CLP*751-2749*1*120*87.97*12*12*21202E0003444*02~NM1*QC*1*DINHTAI*ONG****MI*XLPR000082575739~NM1*74*1*ONG*DINH TAI*T***C*R000082575739~NM1*82*1*RIBEIRO*MICHELLE*R***XX*1164054391~REF*CE*762~DTM*232*20210710~DTM*233*20210710~DTM*050*20210720~AMT*AU*99.97~SVC*HC:90834:95*120*87.97~CAS*PR*3*12~CAS*CO*45*20.03~REF*6R*098751-2749~AMT*B6*99.97~CLP*928649200*1*175*96.65*10.74*12*21203E0001149*11~NM1*QC*1*MIYASHIRO*CHELSIE****MI*XLER000029417656~NM1*74*1***K***C*R000029417656~NM1*82*1*WATERS*LORI*M***XX*1760854152~REF*CE*562~DTM*232*20210419~DTM*233*20210419~DTM*050*20210721~AMT*AU*107.39~SVC*HC:90837:95*175*96.65~CAS*PR*2*10.74~CAS*CO*45*67.61~REF*6R*9281197501~AMT*B6*107.39~CLP*720-2899*1*150*107.39**12*21200E0005752*02~NM1*QC*1*NATALIE*OWENS****MI*XLAR000030570758~NM1*IL*1*NATALIE*OWENS****MI*XLAR000030570758~NM1*74*1*OWENS*LAMONT****C*R000030570758~NM1*82*1*PLAYTER*AILEEN*T***XX*1013394097~REF*CE*898~DTM*232*20210713~DTM*233*20210713~DTM*050*20210718~AMT*AU*107.39~SVC*HC:90837:95*150*107.39~CAS*CO*45*42.61~REF*6R*890720-2899~AMT*B6*107.39~CLP*928649244*1*175*93.39*14*12*21203E0000600*11~NM1*QC*1*YAGO*SCOTT ALLE****MI*XLRR000082156936~NM1*74*1**SCOTT ALLEN*R***C*R000082156936~NM1*82*1*WATERS*LORI*M***XX*1760854152~REF*CE*744~DTM*232*20210416~DTM*233*20210416~DTM*050*20210721~AMT*AU*107.39~SVC*HC:90837:95*175*93.39~CAS*PR*3*14~CAS*CO*45*67.61~REF*6R*9281197582~AMT*B6*107.39~SE*84*0001~ST*835*0002~BPR*H*0*C*NON************20210727~TRN*1*PCH000003786821*1990040115~REF*F2*5.40~DTM*405*20210722~N1*PR*HAWAII MEDICAL SERVICE ASSOCIATION~N3*818 KEEAUMOKU ST~N4*HONOLULU*HI*96814~PER*BL*ETS*TE*8089486355~N1*PE*SERENITY COUNSELING SERVIC*XX*1588011043~REF*TJ*812344400~LX*1~CLP*928648977*1*120*0**HM*21203E0000237*11~NM1*QC*1*ZOLLINGER-ABEYTA*LYRIC****MI*HFPF000030120083~NM1*IL*1*ZOLLINGER ABEYTA*CHRISTOPHE****MI*HFPF000030120083~NM1*74*1***J***C*F000030120083~NM1*82*1*FERREIRA*LORI*M***XX*1811143126~REF*CE*087~DTM*232*20210410~DTM*233*20210410~DTM*050*20210721~SVC*HC:90834:95*120*0~CAS*OA*18*120~REF*6R*9281197205~LQ*HE*N522~SE*26*0002~ST*835*0003~BPR*I*158.57*C*BOP**01*041203824*DA*9600149455*1111111362*000004567*01*124384877*DA*62431XXXX*20210728~TRN*1*2021072811301497*1111111362*000004567~REF*EV*BFT220003440~REF*F2*1333~DTM*405*20210726~N1*PR*UNITEDHEALTHCARE INSURANCE COMPANY*XV*04567~N3*UNITEDHEALTHCARE COMMUNITY   STATE*P.O. BOX 5290~N4*KINGSTON*NY*12402~REF*2U*04567~REF*EO*1111111362~PER*CX*UNITEDHEALTHCARE INSURANCE COMPANY*TE*8666228054~PER*BL*UHC ESOLUTIONS COMMUNITY HEALTHPLAN*EM*AC_EDI_OPS@UHC.COM~N1*PE*SERENITY COUNSELING SERVICES HAWAII LLC*XX*1588011043~N3*94-1261 LUMIKULA ST. BLDG 3U~N4*AIEA*HI*96701~REF*TJ*812344400~LX*1~TS3*006116310003*02*20211231*1*180~CLP*919-2693*1*180*158.57**12*21H818130600*02*1~NM1*QC*1*JANE*TAYLLOFF*M***MI*11115299100~NM1*74*1*TAYLOFF*JANE****C*111152991~REF*CE*HI QI DSNP R3175~DTM*232*20210709~DTM*233*20210709~DTM*050*20210719~AMT*AU*158.57~SVC*HC:90791:95*180*158.57~DTM*472*20210709~CAS*CO*45*21.43~REF*LU*M1~REF*6R*992919-2693~AMT*B6*158.57~SE*34*0003~GE*3*855666838~IEA*1*855666838~