ISA*00*          *00*          *ZZ*330897513      *ZZ*MEDBOSSC       *210715*0251*^*00501*851883761*0*P*:~GS*HP*330897513*MEDBOSSC*20210715*0251*851883761*X*005010X221A1~ST*835*0001~BPR*I*136.76*C*ACH*CCP*01*121301015*DA*01076140*1990040115**01*321370765*DA*8102075433*20210715~TRN*1*1982018*1990040115~REF*F2*5.40~DTM*405*20210707~N1*PR*HAWAII MEDICAL SERVICE ASSOCIATION~N3*818 KEEAUMOKU ST~N4*HONOLULU*HI*96814~PER*BL*ETS*TE*8089486355~N1*PE*SERENITY COUNSELING SERVICES HAWAII LLC*XX*1588011043~REF*TJ*812344400~LX*1~CLP*669-2505*4*120*0**MC*21183E001854*02~NM1*QC*1*KAHAPEA*JONAH****MI*0002624332~NM1*74*1*UNRECOGNIZED*MEMBER NUMBER****C*8888888888~NM1*82*2*FERREIRA*****XX*1811143126~DTM*232*20210601~DTM*233*20210601~DTM*050*20210701~SVC*HC:90834:95*120*0~CAS*CO*140*120~REF*6R*033669-2505~CLP*669-2500*4*120*0**MC*21183E001942*02~NM1*QC*1*KAHAPEA*JONAH****MI*0002624332~NM1*74*1*UNRECOGNIZED*MEMBER NUMBER****C*8888888888~NM1*82*2*FERREIRA*****XX*1811143126~DTM*232*20210517~DTM*233*20210517~DTM*050*20210701~SVC*HC:90834:95*120*0~CAS*CO*140*120~REF*6R*838669-2500~CLP*928599743*1*175*0**MC*21186E000146*11~NM1*QC*1*PIERIS*SENECA****MI*0000595311~NM1*82*2*MATSUMOTO*****XX*1427398312~NM1*PR*2*OTHER (98)*****PI*QCR0000000238~DTM*232*20210516~DTM*233*20210516~DTM*050*20210704~SVC*HC:90837:95*175*0~CAS*CO*252*175~REF*6R*9281110596~LQ*HE*N4~CLP*928617237*1*120*68.38**MC*21187E000116*11~NM1*QC*1*ONG*DINHTAI****MI*0000640266~NM1*74*1***T~NM1*82*1*RIBEIRO*MICHELLE*R***XX*1164054391~DTM*232*20210626~DTM*233*20210626~DTM*050*20210705~AMT*AU*68.38~SVC*HC:90834:95*120*68.38~CAS*CO*45*51.62~REF*6R*9281141159~AMT*B6*68.38~CLP*640-2605*1*120*68.38**MC*21188E001860*11~NM1*QC*1*DIGIOVANNI*JOURNIE****MI*0002595228~NM1*74*1***C~NM1*82*2*LINARES*****XX*1699008045~DTM*232*20210705~DTM*233*20210705~DTM*050*20210706~AMT*AU*68.38~SVC*HC:90834:95*120*68.38~CAS*CO*45*51.62~REF*6R*597640-2605~AMT*B6*68.38~SE*68*0001~GE*1*851883761~IEA*1*851883761~