ISA*00*          *00*          *ZZ*330897513      *ZZ*MEDBOSSC       *211019*0243*^*00501*883190366*0*P*:~GS*HP*330897513*MEDBOSSC*20211019*0243*883190366*X*005010X221A1~ST*835*0001~BPR*I*1599.83*C*ACH*CCP*01*121301015*DA*48070310*1990040115**01*321370765*DA*81020-75433*20211019~TRN*1*1674142*1990040115~REF*F2*5.40~DTM*405*20211014~N1*PR*HAWAII MEDICAL SERVICE ASSOCIATION~N3*818 KEEAUMOKU ST~N4*HONOLULU*HI*96814~PER*BL*ETS*TE*8089486355~N1*PE*SERENITY COUNSELING SERVIC*XX*1588011043~REF*TJ*812344400~LX*1~CLP*2061-5267*1*220*0**12*21278E0013693*02~NM1*QC*1*JONES*YOENEKE****MI*XLRR000083766485~NM1*IL*1*JONES*JAMES*P***MI*XLRR000083766485~NM1*74*1******C*R000083766485~NM1*82*1*LINARES*DAVID****XX*1699008045~REF*CE*724~DTM*232*20211002~DTM*233*20211002~DTM*050*20211004~SVC*HC:90792:95*220*0~CAS*CO*8*220~REF*6R*4782061-5267~LQ*HE*N95~CLP*710-3728*1*120*87.97*12*12*21281E0002808*02~NM1*QC*1*HANNA*ROXANNE****MI*XLFR000082277062~NM1*82*1*LINARES*DAVID****XX*1699008045~REF*CE*912~DTM*232*20210809~DTM*233*20210809~DTM*050*20211007~AMT*AU*99.97~SVC*HC:90834:95*120*87.97~CAS*PR*3*12~CAS*CO*45*20.03~REF*6R*088710-3728~AMT*B6*99.97~CLP*738-2843*1*120*87.97*12*12*21281E0002866*02~NM1*QC*1*LOPEZ*SHASTY****MI*R000084315951~NM1*82*1*WATERS*LORI*M***XX*1760854152~REF*CE*662~DTM*232*20210630~DTM*233*20210630~DTM*050*20211007~AMT*AU*99.97~SVC*HC:90834:95*120*87.97~CAS*PR*3*12~CAS*CO*45*20.03~REF*6R*084738-2843~AMT*B6*99.97~CLP*738-5330*1*120*87.97*12*12*21281E0003238*02~NM1*QC*1*LOPEZ*SHASTY****MI*R000084315951~NM1*82*1*WATERS*LORI*M***XX*1760854152~REF*CE*662~DTM*232*20211006~DTM*233*20211006~DTM*050*20211007~AMT*AU*99.97~SVC*HC:90834:95*120*87.97~CAS*PR*3*12~CAS*CO*45*20.03~REF*6R*530738-5330~AMT*B6*99.97~CLP*710-4033*1*120*87.97*12*12*21281E0003545*02~NM1*QC*1*HANNA*ROXANNE****MI*XLFR000082277062~NM1*82*1*LINARES*DAVID****XX*1699008045~REF*CE*912~DTM*232*20210823~DTM*233*20210823~DTM*050*20211007~AMT*AU*99.97~SVC*HC:90834:95*120*87.97~CAS*PR*3*12~CAS*CO*45*20.03~REF*6R*089710-4033~AMT*B6*99.97~CLP*738-2845*1*120*87.97*12*12*21281E0003743*02~NM1*QC*1*LOPEZ*SHASTY****MI*R000084315951~NM1*82*1*WATERS*LORI*M***XX*1760854152~REF*CE*662~DTM*232*20210707~DTM*233*20210707~DTM*050*20211007~AMT*AU*99.97~SVC*HC:90834:95*120*87.97~CAS*PR*3*12~CAS*CO*45*20.03~REF*6R*085738-2845~AMT*B6*99.97~CLP*747-2909*1*120*87.97*12*12*21281E0003953*02~NM1*QC*1*KIRK*JONATHAN****MI*XLPR000080356330~NM1*IL*1*KRIK*AARON****MI*XLPR000080356330~NM1*74*1*STEITZ*MICHELLE*M***C*R000082708413~NM1*82*1*WATERS*LORI*M***XX*1760854152~REF*CE*828~DTM*232*20210713~DTM*233*20210713~DTM*050*20211007~AMT*AU*99.97~SVC*HC:90834:95*120*87.97~CAS*PR*3*12~CAS*CO*45*20.03~REF*6R*086747-2909~AMT*B6*99.97~CLP*734-4063*1*270*95.39*12*12*21281E0004358*02~NM1*QC*1*RIFE*ROBYN****MI*R000083705426~NM1*IL*1*RIFE*ROBYN****MI*R000083705426~NM1*74*1**ROBERT~NM1*82*1*WATERS*LORI*M***XX*1760854152~REF*CE*766~DTM*232*20210819~DTM*233*20210819~DTM*050*20211007~AMT*AU*107.39~SVC*HC:90834:95*120*0~CAS*CO*234*120~REF*6R*941734-4063~LQ*HE*M15~SVC*HC:90837:95*150*95.39~CAS*PR*3*12~CAS*CO*45*42.61~REF*6R*942734-4063~AMT*B6*107.39~CLP*942-3458*19*180*114.8*15*12*21284E0006218*02~NM1*QC*1*SHOOK*KEOLAMAI****MI*R000080089287~NM1*IL*1*JODI-LYNN*KEOLAMAI****MI*R000080089287~NM1*74*1*SHOOK*KEOLAMAI IKAIKA*K***C*R000083516575~NM1*82*1*LINARES*DAVID****XX*1699008045~NM1*TT*2*HAWAII MEDICAL SERVICE ASSOCIATION*****NI*49948~REF*CE*724~DTM*232*20210731~DTM*233*20210731~DTM*050*20211010~AMT*AU*129.8~SVC*HC:90791:95*180*114.8~CAS*PR*3*15~CAS*CO*45*50.2~REF*6R*299942-3458~AMT*B6*129.8~CLP*726-5351*1*150*95.39*12*12*21284E0006608*11~NM1*QC*1*MARTIN*SANDRA*SANDI***MI*XLPR000080101728~NM1*74*1***L***C*R000080101728~NM1*82*1*PLAYTER*AILEEN*T***XX*1013394097~REF*CE*754~DTM*232*20210924~DTM*233*20210924~DTM*050*20211010~AMT*AU*107.39~SVC*HC:90837:95*150*95.39~CAS*PR*3*12~CAS*CO*45*42.61~REF*6R*036726-5351~AMT*B6*107.39~CLP*942-3656*19*120*84.97*15*12*21284E0008195*02~NM1*QC*1*SHOOK*KEOLAMAI****MI*R000080089287~NM1*IL*1*JODI-LYNN*KEOLAMAI****MI*R000080089287~NM1*74*1*SHOOK*KEOLAMAI IKAIKA*K***C*R000083516575~NM1*82*1*LINARES*DAVID****XX*1699008045~NM1*TT*2*HAWAII MEDICAL SERVICE ASSOCIATION*****NI*49948~REF*CE*724~DTM*232*20210807~DTM*233*20210807~DTM*050*20211010~AMT*AU*99.97~SVC*HC:90834:95*120*84.97~CAS*PR*3*15~CAS*CO*45*20.03~REF*6R*300942-3656~AMT*B6*99.97~CLP*2061-5390*1*120*84.97*15*12*21285E0003112*02~NM1*QC*1*JONES*YOENEKE****MI*XLRR000083766485~NM1*IL*1*JONES*JAMES*P***MI*XLRR000083766485~NM1*74*1******C*R000083766485~NM1*82*1*LINARES*DAVID****XX*1699008045~REF*CE*724~DTM*232*20211009~DTM*233*20211009~DTM*050*20211011~AMT*AU*99.97~SVC*HC:90834:95*120*84.97~CAS*PR*3*15~CAS*CO*45*20.03~REF*6R*6082061-5390~AMT*B6*99.97~CLP*751-5078*1*120*87.97*12*12*21285E0003406*02~NM1*QC*1*DINHTAI*ONG****MI*XLPR000082575739~NM1*74*1*ONG*DINH TAI*T***C*R000082575739~NM1*82*1*RIBEIRO*MICHELLE*R***XX*1164054391~REF*CE*762~DTM*232*20210925~DTM*233*20210925~DTM*050*20211011~AMT*AU*99.97~SVC*HC:90834:95*120*87.97~CAS*PR*3*12~CAS*CO*45*20.03~REF*6R*459751-5078~AMT*B6*99.97~CLP*751-5394*1*120*87.97*12*12*21285E0004228*02~NM1*QC*1*DINHTAI*ONG****MI*XLPR000082575739~NM1*74*1*ONG*DINH TAI*T***C*R000082575739~NM1*82*1*RIBEIRO*MICHELLE*R***XX*1164054391~REF*CE*762~DTM*232*20211009~DTM*233*20211009~DTM*050*20211011~AMT*AU*99.97~SVC*HC:90834:95*120*87.97~CAS*PR*3*12~CAS*CO*45*20.03~REF*6R*460751-5394~AMT*B6*99.97~CLP*734-5441*1*120*87.97*12*12*21287E0004562*02~NM1*QC*1*RIFE*ROBYN****MI*R000083705426~NM1*IL*1*RIFE*ROBYN****MI*R000083705426~NM1*74*1**ROBERT~NM1*82*1*WATERS*LORI*M***XX*1760854152~REF*CE*766~DTM*232*20211012~DTM*233*20211012~DTM*050*20211013~AMT*AU*99.97~SVC*HC:90834:95*120*87.97~CAS*PR*3*12~CAS*CO*45*20.03~REF*6R*576734-5441~AMT*B6*99.97~CLP*2081-5448*1*150*95.39*12*12*21287E0005065*02~NM1*QC*1*CACACHO*VALERIE*PASCUAL***MI*R000082021924~NM1*82*1*MATSUMOTO*NATALIA*A***XX*1427398312~REF*CE*762~DTM*232*20210911~DTM*233*20210911~DTM*050*20211013~AMT*AU*107.39~SVC*HC:90837:95*150*95.39~CAS*PR*3*12~CAS*CO*45*42.61~REF*6R*6962081-5448~AMT*B6*107.39~CLP*720-5316*1*150*107.39**12*21284E0006077*11~NM1*QC*1*NATALIE*OWENS****MI*XLAR000030570758~NM1*IL*1*NATALIE*OWENS****MI*XLAR000030570758~NM1*74*1*OWENS*LAMONT****C*R000030570758~NM1*82*1*PLAYTER*AILEEN*T***XX*1013394097~REF*CE*898~DTM*232*20211005~DTM*233*20211005~DTM*050*20211010~AMT*AU*107.39~SVC*HC:90837:95*150*107.39~CAS*CO*45*42.61~REF*6R*064720-5316~AMT*B6*107.39~CLP*2046-4981*19*180*129.8**12*21284E0006173*02~NM1*QC*1*BORNIOS-ELIZAGA*RACHELLE****MI*R000084348135~NM1*74*1*BORNIOS ELIZAGA~NM1*82*1*MATSUMOTO*NATALIA*A***XX*1427398312~NM1*TT*2*HAWAII MEDICAL SERVICE ASSOCIATION*****NI*49948~REF*CE*734~DTM*232*20210904~DTM*233*20210904~DTM*050*20211010~AMT*AU*129.8~SVC*HC:90791:95*180*129.8~CAS*CO*45*50.2~REF*6R*2952046-4981~AMT*B6*129.8~CLP*942-4233*2*120*0**HM*2128400000813*02~NM1*QC*1*SHOOK*KEOLAMAI****MI*R000080089287~NM1*IL*1*JODI-LYNN*KEOLAMAI****MI*R000080089287~NM1*74*1*SHOOK*JODILYNN*N~NM1*82*1*LINARES*DAVID****XX*1699008045~REF*CE*XA~DTM*232*20210828~DTM*233*20210828~DTM*050*20211011~SVC*HC:90834:95*120*0~CAS*OA*18*120~REF*6R*195942-4233~LQ*HE*N522~CLP*942-5251*2*120*0**HM*21287E0004540*02~NM1*QC*1*SHOOK*KEOLAMAI****MI*R000080089287~NM1*IL*1*JODI-LYNN*KEOLAMAI****MI*R000080089287~NM1*74*1*SHOOK*JODILYNN*N~NM1*82*1*LINARES*DAVID****XX*1699008045~REF*CE*XA~DTM*232*20211002~DTM*233*20211002~DTM*050*20211013~SVC*HC:90834:95*120*0~CAS*OA*18*120~REF*6R*577942-5251~LQ*HE*N522~SE*296*0001~ST*835*0002~BPR*I*689.51*C*ACH*CCP*01*121301015*DA*01031503*1990040115**01*321370765*DA*81020-75433*20211019~TRN*1*1143260*1990040115~REF*F2*5.40~DTM*405*20211013~N1*PR*HAWAII MEDICAL SERVICE ASSOCIATION~N3*818 KEEAUMOKU ST~N4*HONOLULU*HI*96814~PER*BL*ETS*TE*8089486355~N1*PE*SERENITY COUNSELING SERVIC*XX*1588011043~REF*TJ*812344400~LX*1~CLP*579-5304*1*220*0**HM*21279E0003710*02~NM1*QC*1*MEDEIROS*EDWARD****MI*HFPF000030632301~NM1*74*1***K***C*F000030632301~NM1*82*1*LINARES*DAVID****XX*1699008045~REF*CE*087~DTM*232*20211004~DTM*233*20211004~DTM*050*20211005~SVC*HC:90792:95*220*0~CAS*CO*8*220~REF*6R*452579-5304~LQ*HE*N95~CLP*943-3701*1*120*119.33**HM*21281E0003270*02~NM1*QC*1*KRUSE*MARIA****MI*HFPF000030963524~NM1*IL*1*KRUSE*KEVIN*I***MI*HFPF000030963524~NM1*74*1******C*F000030963524~NM1*82*1*PLAYTER*AILEEN*T***XX*1013394097~REF*CE*087~DTM*232*20210809~DTM*233*20210809~DTM*050*20211007~AMT*AU*119.33~SVC*HC:90847:95*120*119.33~CAS*CO*45*.67~REF*6R*083943-3701~AMT*B6*119.33~CLP*689-1000*1*120*0**HM*21281E0004130*02~NM1*QC*1*LACISTE*REMY****MI*HFPF000028944288~NM1*IL*1*LACISTE*EDNELSON****MI*HFPF000028944288~NM1*74*1***J***C*F000028944288~NM1*82*1*LINARES*DAVID****XX*1699008045~REF*CE*087~DTM*232*20210516~DTM*233*20210516~DTM*050*20211007~SVC*HC:90834:95*120*0~CAS*OA*18*120~REF*6R*087689-1000~LQ*HE*N522~CLP*745-3157*1*150*112.45**HM*21281E0004497*11~NM1*QC*1*LEE*CRISLE****MI*F000030594360~NM1*IL*1*LEE*CRISLE****MI*F000030594360~NM1*74*1**DARRIN*S~NM1*82*1*MATSUMOTO*NATALIA*A***XX*1427398312~REF*CE*087~DTM*232*20210724~DTM*233*20210724~DTM*050*20211007~AMT*AU*112.45~SVC*HC:90837:95*150*112.45~CAS*CO*45*37.55~REF*6R*081745-3157~AMT*B6*112.45~CLP*745-3476*1*150*112.45**HM*21281E0004780*02~NM1*QC*1*LEE*CRISLE****MI*F000030594360~NM1*IL*1*LEE*CRISLE****MI*F000030594360~NM1*74*1**DARRIN*S~NM1*82*1*MATSUMOTO*NATALIA*A***XX*1427398312~REF*CE*087~DTM*232*20210731~DTM*233*20210731~DTM*050*20211007~AMT*AU*112.45~SVC*HC:90837:95*150*112.45~CAS*CO*45*37.55~REF*6R*082745-3476~AMT*B6*112.45~CLP*2122-5347*1*120*104.68**HM*21284E0005910*02~NM1*QC*1*HOLLAR*AMELIA*M.***MI*HFPF000030991228~NM1*IL*1*HOLLAR*WILLIAM*M.***MI*HFPF000030991228~NM1*82*1*WATERS*LORI*M***XX*1760854152~REF*CE*087~DTM*232*20211007~DTM*233*20211007~DTM*050*20211010~AMT*AU*104.68~SVC*HC:90834:95*120*104.68~CAS*CO*45*15.32~REF*6R*0702122-5347~AMT*B6*104.68~CLP*579-5392*1*120*104.68**HM*21285E0003511*02~NM1*QC*1*MEDEIROS*EDWARD****MI*HFPF000030632301~NM1*74*1***K***C*F000030632301~NM1*82*1*LINARES*DAVID****XX*1699008045~REF*CE*087~DTM*232*20211009~DTM*233*20211009~DTM*050*20211011~AMT*AU*104.68~SVC*HC:90834:95*120*104.68~CAS*CO*45*15.32~REF*6R*609579-5392~AMT*B6*104.68~CLP*2136-5415*1*180*135.92**HM*21286E0002595*02~NM1*QC*1*EAKIN*RYAN*W***MI*HFPF000030061949~NM1*82*1*LINARES*DAVID****XX*1699008045~REF*CE*087~DTM*232*20211011~DTM*233*20211011~DTM*050*20211012~AMT*AU*135.92~SVC*HC:90791:95*180*135.92~CAS*CO*45*44.08~REF*6R*7142136-5415~AMT*B6*135.92~SE*118*0002~GE*2*883190366~IEA*1*883190366~