ISA*00*          *00*          *ZZ*330897513      *ZZ*MEDBOSSC       *210629*0713*^*00501*846768718*0*P*:~GS*HP*330897513*MEDBOSSC*20210629*0713*846768718*X*005010X221A1~ST*835*0001~BPR*H*0*C*NON************20210629~TRN*1*10037*1990040115~N1*PR*HAWAII MEDICAL SERVICE ASSOCIATION~N3*P. O. BOX 2970~N4*HONOLULU*HI*96802~PER*BL*ETS*TE*8089486355~N1*PE*SERENITY COUNSELING SERVIC*XX*1588011043~N4*LEHIGH ACRES*FL*33936~REF*TJ*812344400~LX*1~CLP*928502702*1*175*0**12*47120211742036900*11*1~NM1*QC*1*PIERIS*SENECA****MI*MSJ602058719~NM1*82*1*NATALIA A MATSUMOTO MFT*****XX*1427398312~DTM*232*20210417~SVC*HC:90837:95*175*0~CAS*OA*18*175~REF*6R*928943568~AMT*B6*107.39~CLP*928502912*1*175*0**12*47120211742037400*11*1~NM1*QC*1*PIERIS*SENECA****MI*MSJ602058719~NM1*82*1*NATALIA A MATSUMOTO MFT*****XX*1427398312~DTM*232*20210403~SVC*HC:90837*175*0~CAS*OA*18*175~REF*6R*928943958~AMT*B6*107.39~CLP*928502916*1*175*0**12*47120211742037800*11*1~NM1*QC*1*PIERIS*SENECA****MI*MSJ602058719~NM1*82*1*NATALIA A MATSUMOTO MFT*****XX*1427398312~DTM*232*20210410~SVC*HC:90837*175*0~CAS*OA*18*175~REF*6R*928943968~AMT*B6*107.39~CLP*928502924*1*175*0**12*47120211742038600*11*1~NM1*QC*1*PIERIS*SENECA****MI*MSJ602058719~NM1*82*1*NATALIA A MATSUMOTO MFT*****XX*1427398312~DTM*232*20210327~SVC*HC:90837*175*0~CAS*OA*18*175~REF*6R*928943978~AMT*B6*107.39~CLP*928502991*1*175*0**12*47120211742043100*11*1~NM1*QC*1*PIERIS*SENECA****MI*MSJ602058719~NM1*82*1*NATALIA A MATSUMOTO MFT*****XX*1427398312~DTM*232*20210320~SVC*HC:90837*175*0~CAS*OA*18*175~REF*6R*928944102~AMT*B6*107.39~SE*52*0001~ST*835*0002~BPR*I*294.76*C*ACH*CCP*01*121301015*DA*48070310*1990040115**01*321370765*DA*81020-75433*20210629~TRN*1*1636864*1990040115~REF*F2*5.40~DTM*405*20210623~N1*PR*HAWAII MEDICAL SERVICE ASSOCIATION~N3*818 KEEAUMOKU ST~N4*HONOLULU*HI*96814~PER*BL*ETS*TE*8089486355~N1*PE*SERENITY COUNSELING SERVIC*XX*1588011043~REF*TJ*812344400~LX*1~CLP*928543227*1*175*0**12*21170E0000102*11~NM1*QC*1*LOPEZ*SHASTY****MI*R000084315951~NM1*82*1*WATERS*LORI*M***XX*1760854152~REF*CE*662~DTM*232*20210514~DTM*233*20210514~DTM*050*20210618~SVC*HC:90837:95*175*0~CAS*OA*18*175~REF*6R*9281014659~LQ*HE*N522~CLP*928499019*1*175*0**12*21170E0000110*11~NM1*QC*1*LOPEZ*SHASTY****MI*R000084315951~NM1*82*1*WATERS*LORI*M***XX*1760854152~REF*CE*662~DTM*232*20210506~DTM*233*20210506~DTM*050*20210618~SVC*HC:90837:95*175*0~CAS*OA*18*175~REF*6R*928937759~LQ*HE*N522~CLP*928447690*1*175*0**12*21170E0000112*11~NM1*QC*1*LOPEZ*SHASTY****MI*R000084315951~NM1*82*1*WATERS*LORI*M***XX*1760854152~REF*CE*662~DTM*232*20210325~DTM*233*20210325~DTM*050*20210618~SVC*HC:90837:95*175*0~CAS*OA*18*175~REF*6R*928849215~LQ*HE*N522~CLP*928448443*1*175*0**12*21170E0000133*11~NM1*QC*1*LOPEZ*SHASTY****MI*R000084315951~NM1*82*1*WATERS*LORI*M***XX*1760854152~REF*CE*662~DTM*232*20210408~DTM*233*20210408~DTM*050*20210618~SVC*HC:90837:95*175*0~CAS*OA*18*175~REF*6R*928850410~LQ*HE*N522~CLP*928444331*1*175*0**12*21170E0000150*11~NM1*QC*1*LOPEZ*SHASTY****MI*R000084315951~NM1*82*1*WATERS*LORI*M***XX*1760854152~REF*CE*662~DTM*232*20210317~DTM*233*20210317~DTM*050*20210618~SVC*HC:90837:95*175*0~CAS*OA*18*175~REF*6R*928843784~LQ*HE*N522~CLP*928393845*1*190*0**12*21170E0000177*11~NM1*QC*1*LOPEZ*SHASTY****MI*R000084315951~NM1*82*1*WATERS*LORI*M***XX*1760854152~REF*CE*662~DTM*232*20210312~DTM*233*20210312~DTM*050*20210618~SVC*HC:90791:95*190*0~CAS*OA*18*190~REF*6R*928756346~LQ*HE*N522~CLP*928543291*1*175*0**12*21170E0000261*11~NM1*QC*1*LOPEZ*SHASTY****MI*R000084315951~NM1*82*1*WATERS*LORI*M***XX*1760854152~REF*CE*662~DTM*232*20210521~DTM*233*20210521~DTM*050*20210618~SVC*HC:90837:95*175*0~CAS*OA*18*175~REF*6R*9281014762~LQ*HE*N522~CLP*928543340*1*175*0**12*21170E0000608*11~NM1*QC*1*LOPEZ*SHASTY****MI*R000084315951~NM1*82*1*WATERS*LORI*M***XX*1760854152~REF*CE*662~DTM*232*20210528~DTM*233*20210528~DTM*050*20210618~SVC*HC:90837:95*175*0~CAS*OA*18*175~REF*6R*9281014819~LQ*HE*N522~CLP*928448273*1*175*0**12*21170E0000715*11~NM1*QC*1*LOPEZ*SHASTY****MI*R000084315951~NM1*82*1*WATERS*LORI*M***XX*1760854152~REF*CE*662~DTM*232*20210401~DTM*233*20210401~DTM*050*20210618~SVC*HC:90837:95*175*0~CAS*OA*18*175~REF*6R*928850162~LQ*HE*N522~CLP*928465991*1*175*0**12*21170E0001208*11~NM1*QC*1*LOPEZ*SHASTY****MI*R000084315951~NM1*82*1*WATERS*LORI*M***XX*1760854152~REF*CE*662~DTM*232*20210419~DTM*233*20210419~DTM*050*20210618~SVC*HC:90837:95*175*0~CAS*OA*18*175~REF*6R*928881053~LQ*HE*N522~CLP*928491430*1*175*0**12*21170E0001412*11~NM1*QC*1*LOPEZ*SHASTY****MI*R000084315951~NM1*82*1*WATERS*LORI*M***XX*1760854152~REF*CE*662~DTM*232*20210429~DTM*233*20210429~DTM*050*20210618~SVC*HC:90837:95*175*0~CAS*OA*18*175~REF*6R*928924838~LQ*HE*N522~CLP*928448377*1*175*0**12*21170E0001603*11~NM1*QC*1*LOPEZ*SHASTY****MI*R000084315951~NM1*82*1*WATERS*LORI*M***XX*1760854152~REF*CE*662~DTM*232*20210412~DTM*233*20210412~DTM*050*20210618~SVC*HC:90837:95*175*0~CAS*OA*18*175~REF*6R*928850311~LQ*HE*N522~CLP*928392919*1*175*0**12*21173E0002060*11~NM1*QC*1*KIRK*JONATHAN****MI*XLPR000080356330~NM1*IL*1*KIRK*AARON****MI*XLPR000080356330~NM1*74*1*STEITZ*MICHELLE*M***C*R000082708413~NM1*82*1*WATERS*LORI*M***XX*1760854152~REF*CE*828~DTM*232*20210309~DTM*233*20210309~DTM*050*20210622~SVC*HC:90837:95*175*0~CAS*OA*18*175~REF*6R*928754828~LQ*HE*N522~CLP*928448303*1*190*0**12*21173E0002112*11~NM1*QC*1*NAMAUU*TEIANA****MI*XLRR000081793770~NM1*74*1***C***C*R000081793770~NM1*82*1*PLAYTER*AILEEN*T***XX*1013394097~REF*CE*646~DTM*232*20210402~DTM*233*20210402~DTM*050*20210622~SVC*HC:90791:95*190*0~CAS*OA*18*190~REF*6R*928850204~LQ*HE*N522~CLP*928495078*1*175*0**12*21173E0002201*11~NM1*QC*1*RIFE*ROBYN****MI*R000083705426~NM1*IL*1*RIFE*ROBERT****MI*R000083705426~NM1*82*1*WATERS*LORI*M***XX*1760854152~REF*CE*766~DTM*232*20210504~DTM*233*20210504~DTM*050*20210622~SVC*HC:90837:95*175*0~CAS*OA*18*175~REF*6R*928930562~LQ*HE*N522~CLP*928543277*1*175*0**12*21173E0002224*11~NM1*QC*1*RIFE*ROBYN****MI*R000083705426~NM1*IL*1*RIFE*ROBERT****MI*R000083705426~NM1*82*1*WATERS*LORI*M***XX*1760854152~REF*CE*766~DTM*232*20210518~DTM*233*20210518~DTM*050*20210622~SVC*HC:90837:95*175*0~CAS*OA*18*175~REF*6R*9281014746~LQ*HE*N522~CLP*928543258*1*175*0**12*21173E0002361*11~NM1*QC*1*RIFE*ROBYN****MI*R000083705426~NM1*IL*1*RIFE*ROBERT****MI*R000083705426~NM1*82*1*WATERS*LORI*M***XX*1760854152~REF*CE*766~DTM*232*20210513~DTM*233*20210513~DTM*050*20210622~SVC*HC:90837:95*175*0~CAS*OA*18*175~REF*6R*9281014712~LQ*HE*N522~CLP*928385551*1*175*0**12*21173E0002407*11~NM1*QC*1*KIRK*JONATHAN****MI*XLPR000080356330~NM1*IL*1*KIRK*AARON****MI*XLPR000080356330~NM1*74*1*STEITZ*MICHELLE*M***C*R000082708413~NM1*82*1*WATERS*LORI*M***XX*1760854152~REF*CE*828~DTM*232*20210209~DTM*233*20210209~DTM*050*20210622~SVC*HC:90837:95*175*0~CAS*OA*18*175~REF*6R*928741863~LQ*HE*N522~CLP*928488158*1*175*0**12*21173E0002615*11~NM1*QC*1*RIFE*ROBYN****MI*R000083705426~NM1*IL*1*RIFE*ROBERT****MI*R000083705426~NM1*82*1*WATERS*LORI*M***XX*1760854152~REF*CE*766~DTM*232*20210423~DTM*233*20210423~DTM*050*20210622~SVC*HC:90837:95*175*0~CAS*OA*18*175~REF*6R*928919116~LQ*HE*N522~CLP*928392253*1*175*0**12*21173E0002629*11~NM1*QC*1*RIFE*ROBYN****MI*R000083705426~NM1*IL*1*RIFE*ROBERT****MI*R000083705426~NM1*82*1*WATERS*LORI*M***XX*1760854152~REF*CE*766~DTM*232*20210302~DTM*233*20210302~DTM*050*20210622~SVC*HC:90837:95*175*0~CAS*OA*18*175~REF*6R*928753809~LQ*HE*N522~CLP*928444274*1*175*0**12*21173E0002632*11~NM1*QC*1*RIFE*ROBYN****MI*R000083705426~NM1*IL*1*RIFE*ROBERT****MI*R000083705426~NM1*82*1*WATERS*LORI*M***XX*1760854152~REF*CE*766~DTM*232*20210316~DTM*233*20210316~DTM*050*20210622~SVC*HC:90837:95*175*0~CAS*OA*18*175~REF*6R*928843699~LQ*HE*N522~CLP*928441039*1*120*0*120*12*21173E0002719*11~NM1*QC*1*KAM*OULILANI****MI*XLAR000022657597~NM1*74*1***K***C*R000022657597~NM1*82*1*FERREIRA*LORI*M***XX*1811143126~REF*CE*758~DTM*232*20210301~DTM*233*20210301~DTM*050*20210622~AMT*AU*99.97~SVC*HC:90834:95*120*0~CAS*PR*204*120~REF*6R*928837879~AMT*B6*99.97~LQ*HE*N130~CLP*928481919*1*120*0**12*21173E0002768*11~NM1*QC*1*PERALTA*MELANIE****MI*XLBR000019658301~NM1*IL*1*PERALTA*MELANIE****MI*XLBR000019658301~NM1*74*1**RANDY*P***C*R000019658301~NM1*82*1*WATERS*LORI*M***XX*1760854152~REF*CE*532~DTM*232*20210421~DTM*233*20210421~DTM*050*20210622~SVC*HC:90834:95*120*0~CAS*OA*18*120~REF*6R*928908112~LQ*HE*N522~CLP*928447715*1*175*0**12*21173E0002847*11~NM1*QC*1*KIRK*JONATHAN****MI*XLPR000080356330~NM1*IL*1*KIRK*AARON****MI*XLPR000080356330~NM1*74*1*STEITZ*MICHELLE*M***C*R000082708413~NM1*82*1*WATERS*LORI*M***XX*1760854152~REF*CE*828~DTM*232*20210323~DTM*233*20210323~DTM*050*20210622~SVC*HC:90837:95*175*0~CAS*OA*18*175~REF*6R*928849268~LQ*HE*N522~CLP*928448428*1*175*0**12*21173E0002853*11~NM1*QC*1*KIRK*JONATHAN****MI*XLPR000080356330~NM1*IL*1*KIRK*AARON****MI*XLPR000080356330~NM1*74*1*STEITZ*MICHELLE*M***C*R000082708413~NM1*82*1*WATERS*LORI*M***XX*1760854152~REF*CE*828~DTM*232*20210406~DTM*233*20210406~DTM*050*20210622~SVC*HC:90837:95*175*0~CAS*OA*18*175~REF*6R*928850394~LQ*HE*N522~CLP*928515401*1*175*0**12*21173E0002982*11~NM1*QC*1*RIFE*ROBYN****MI*R000083705426~NM1*IL*1*RIFE*ROBERT****MI*R000083705426~NM1*82*1*FERREIRA*LORI*M***XX*1811143126~REF*CE*766~DTM*232*20210427~DTM*233*20210427~DTM*050*20210622~SVC*HC:90837:95*175*0~CAS*OA*18*175~REF*6R*928966212~LQ*HE*N522~CLP*928444483*1*120*0**12*21173E0003020*11~NM1*QC*1*STEELE*MARGUERITE****MI*XLPR000081895914~NM1*74*1***B***C*R000081895914~NM1*82*1*WATERS*LORI*M***XX*1760854152~REF*CE*508~DTM*232*20210318~DTM*233*20210318~DTM*050*20210622~SVC*HC:90834:95*120*0~CAS*OA*18*120~REF*6R*928844084~LQ*HE*N522~CLP*928499025*1*90*0**12*21173E0003026*11~NM1*QC*1*STEELE*MARGUERITE****MI*XLPR000081895914~NM1*74*1***B***C*R000081895914~NM1*82*1*WATERS*LORI*M***XX*1760854152~REF*CE*508~DTM*232*20210506~DTM*233*20210506~DTM*050*20210622~SVC*HC:90832:95*90*0~CAS*OA*18*90~REF*6R*928937765~LQ*HE*N522~CLP*928388567*1*120*0**12*21173E0003242*11~NM1*QC*1*DWIGHT*TODD****MI*XLPR000019910165~NM1*74*1***P***C*R000019910165~NM1*82*1*FERREIRA*LORI*M***XX*1811143126~REF*CE*762~DTM*232*20210217~DTM*233*20210217~DTM*050*20210622~SVC*HC:90834:95*120*0~CAS*OA*18*120~REF*6R*928747603~LQ*HE*N522~CLP*928392516*1*175*0**12*21173E0003338*11~NM1*QC*1*STEELE*MARGUERITE****MI*XLPR000081895914~NM1*74*1***B***C*R000081895914~NM1*82*1*WATERS*LORI*M***XX*1760854152~REF*CE*508~DTM*232*20210304~DTM*233*20210304~DTM*050*20210622~SVC*HC:90837:95*175*0~CAS*OA*18*175~REF*6R*928754233~LQ*HE*N522~CLP*928495064*1*175*0**12*21173E0003355*11~NM1*QC*1*KIRK*JONATHAN****MI*XLPR000080356330~NM1*IL*1*KIRK*AARON****MI*XLPR000080356330~NM1*74*1*STEITZ*MICHELLE*M***C*R000082708413~NM1*82*1*WATERS*LORI*M***XX*1760854152~REF*CE*828~DTM*232*20210504~DTM*233*20210504~DTM*050*20210622~SVC*HC:90837:95*175*0~CAS*OA*18*175~REF*6R*928930530~LQ*HE*N522~CLP*928543313*1*175*0**12*21173E0003368*11~NM1*QC*1*RIFE*ROBYN****MI*R000083705426~NM1*IL*1*RIFE*ROBERT****MI*R000083705426~NM1*82*1*WATERS*LORI*M***XX*1760854152~REF*CE*766~DTM*232*20210525~DTM*233*20210525~DTM*050*20210622~SVC*HC:90837:95*175*0~CAS*OA*18*175~REF*6R*9281014789~LQ*HE*N522~CLP*928388649*1*190*0**12*21173E0003373*11~NM1*QC*1*STEELE*MARGUERITE****MI*XLPR000081895914~NM1*74*1***B***C*R000081895914~NM1*82*1*WATERS*LORI*M***XX*1760854152~REF*CE*508~DTM*232*20210217~DTM*233*20210217~DTM*050*20210622~SVC*HC:90791:95*190*0~CAS*OA*18*190~REF*6R*928747768~LQ*HE*N522~CLP*928388662*1*175*0**12*21173E0003375*11~NM1*QC*1*RIFE*ROBYN****MI*R000083705426~NM1*IL*1*RIFE*ROBERT****MI*R000083705426~NM1*82*1*WATERS*LORI*M***XX*1760854152~REF*CE*766~DTM*232*20210216~DTM*233*20210216~DTM*050*20210622~SVC*HC:90837:95*175*0~CAS*OA*18*175~REF*6R*928747788~LQ*HE*N522~CLP*928481850*1*175*0**12*21173E0003380*11~NM1*QC*1*KIRK*JONATHAN****MI*XLPR000080356330~NM1*IL*1*KIRK*AARON****MI*XLPR000080356330~NM1*74*1*STEITZ*MICHELLE*M***C*R000082708413~NM1*82*1*WATERS*LORI*M***XX*1760854152~REF*CE*828~DTM*232*20210420~DTM*233*20210420~DTM*050*20210622~SVC*HC:90837:95*175*0~CAS*OA*18*175~REF*6R*928908006~LQ*HE*N522~CLP*928385557*1*175*0**12*21173E0003384*11~NM1*QC*1*RIFE*ROBYN****MI*R000083705426~NM1*IL*1*RIFE*ROBERT****MI*R000083705426~NM1*82*1*WATERS*LORI*M***XX*1760854152~REF*CE*766~DTM*232*20210209~DTM*233*20210209~DTM*050*20210622~SVC*HC:90837:95*175*0~CAS*OA*18*175~REF*6R*928741872~LQ*HE*N522~CLP*928543283*1*175*0**12*21173E0003395*11~NM1*QC*1*KIRK*JONATHAN****MI*XLPR000080356330~NM1*IL*1*KIRK*AARON****MI*XLPR000080356330~NM1*74*1*STEITZ*MICHELLE*M***C*R000082708413~NM1*82*1*WATERS*LORI*M***XX*1760854152~REF*CE*828~DTM*232*20210518~DTM*233*20210518~DTM*050*20210622~SVC*HC:90837:95*175*0~CAS*OA*18*175~REF*6R*9281014754~LQ*HE*N522~CLP*928373460*1*175*0**12*21173E0003405*11~NM1*QC*1*RIFE*ROBYN****MI*R000083705426~NM1*IL*1*RIFE*ROBERT****MI*R000083705426~NM1*82*1*WATERS*LORI*M***XX*1760854152~REF*CE*766~DTM*232*20210202~DTM*233*20210202~DTM*050*20210622~SVC*HC:90837:95*175*0~CAS*OA*18*175~REF*6R*928718580~LQ*HE*N522~CLP*928392882*1*175*0**12*21173E0003485*11~NM1*QC*1*RIFE*ROBYN****MI*R000083705426~NM1*IL*1*RIFE*ROBERT****MI*R000083705426~NM1*82*1*WATERS*LORI*M***XX*1760854152~REF*CE*766~DTM*232*20210309~DTM*233*20210309~DTM*050*20210622~SVC*HC:90837:95*175*0~CAS*OA*18*175~REF*6R*928754775~LQ*HE*N522~CLP*928384800*1*175*0**12*21173E0003561*11~NM1*QC*1*RIFE*ROBYN****MI*R000083705426~NM1*IL*1*RIFE*ROBERT****MI*R000083705426~NM1*82*1*WATERS*LORI*M***XX*1760854152~REF*CE*766~DTM*232*20210223~DTM*233*20210223~DTM*050*20210622~SVC*HC:90837:95*175*0~CAS*OA*18*175~REF*6R*928740516~LQ*HE*N522~CLP*928481936*1*120*0**12*21173E0003599*11~NM1*QC*1*STEELE*MARGUERITE****MI*XLPR000081895914~NM1*74*1***B***C*R000081895914~NM1*82*1*WATERS*LORI*M***XX*1760854152~REF*CE*508~DTM*232*20210422~DTM*233*20210422~DTM*050*20210622~SVC*HC:90834:95*120*0~CAS*OA*18*120~REF*6R*928908136~LQ*HE*N522~CLP*928488155*1*120*0**12*21173E0003772*11~NM1*QC*1*NAMAUU*TEIANA****MI*XLRR000081793770~NM1*74*1***C***C*R000081793770~NM1*82*1*PLAYTER*AILEEN*T***XX*1013394097~REF*CE*646~DTM*232*20210423~DTM*233*20210423~DTM*050*20210622~SVC*HC:90834:95*120*0~CAS*OA*18*120~REF*6R*928919112~LQ*HE*N522~CLP*928491415*1*90*0**12*21173E0003803*11~NM1*QC*1*NAMAUU*TEIANA****MI*XLRR000081793770~NM1*74*1***C***C*R000081793770~NM1*82*1*PLAYTER*AILEEN*T***XX*1013394097~REF*CE*646~DTM*232*20210430~DTM*233*20210430~DTM*050*20210622~SVC*HC:90832:95*90*0~CAS*OA*18*90~REF*6R*928924821~LQ*HE*N522~CLP*928447736*1*175*0**12*21173E0003804*11~NM1*QC*1*RIFE*ROBYN****MI*R000083705426~NM1*IL*1*RIFE*ROBERT****MI*R000083705426~NM1*82*1*WATERS*LORI*M***XX*1760854152~REF*CE*766~DTM*232*20210323~DTM*233*20210323~DTM*050*20210622~SVC*HC:90837:95*175*0~CAS*OA*18*175~REF*6R*928849292~LQ*HE*N522~CLP*928444292*1*120*0**12*21173E0003944*11~NM1*QC*1*DWIGHT*TODD****MI*XLPR000019910165~NM1*74*1***P***C*R000019910165~NM1*82*1*FERREIRA*LORI*M***XX*1811143126~REF*CE*762~DTM*232*20210316~DTM*233*20210316~DTM*050*20210622~SVC*HC:90834:95*120*0~CAS*OA*18*120~REF*6R*928843724~LQ*HE*N522~CLP*928452893*1*175*0**12*21173E0004171*11~NM1*QC*1*RIFE*ROBYN****MI*R000083705426~NM1*IL*1*RIFE*ROBERT****MI*R000083705426~NM1*82*1*WATERS*LORI*M***XX*1760854152~REF*CE*766~DTM*232*20210413~DTM*233*20210413~DTM*050*20210622~SVC*HC:90837:95*175*0~CAS*OA*18*175~REF*6R*928857596~LQ*HE*N522~CLP*928447673*1*175*0**12*21173E0004296*11~NM1*QC*1*RIFE*ROBYN****MI*R000083705426~NM1*IL*1*RIFE*ROBERT****MI*R000083705426~NM1*82*1*WATERS*LORI*M***XX*1760854152~REF*CE*766~DTM*232*20210330~DTM*233*20210330~DTM*050*20210622~SVC*HC:90837:95*175*0~CAS*OA*18*175~REF*6R*928849186~LQ*HE*N522~CLP*928447489*1*120*0*120*12*21173E0002888*11~NM1*QC*1*CORPUZ*JEANELL****MI*R000083481317~NM1*82*1*FERREIRA*LORI*M***XX*1811143126~DTM*232*20210328~DTM*233*20210328~DTM*036*20210121~DTM*050*20210622~SVC*HC:90834:95*120*0~CAS*PR*31*120~REF*6R*928848916~CLP*928488172*1*120*0*120*12*21173E0002999*11~NM1*QC*1*CORPUZ*JEANELL****MI*R000083481317~NM1*82*1*FERREIRA*LORI*M***XX*1811143126~DTM*232*20210426~DTM*233*20210426~DTM*036*20210121~DTM*050*20210622~SVC*HC:90834:95*120*0~CAS*PR*31*120~REF*6R*928919135~CLP*928471019*1*120*0*120*12*21173E0003427*11~NM1*QC*1*CORPUZ*JEANELL****MI*R000083481317~NM1*82*1*FERREIRA*LORI*M***XX*1811143126~DTM*232*20210412~DTM*233*20210412~DTM*036*20210121~DTM*050*20210622~SVC*HC:90834:95*120*0~CAS*PR*31*120~REF*6R*928890022~CLP*928524234*1*190*0*190*HM*21173E0004148*11~NM1*QC*1*ORA A*LORNA****MI*XLHR000080976459~NM1*IL*1*FERGUSON*AARON****MI*XLHR000080976459~NM1*74*1******C*R000080976459~NM1*82*1*PLAYTER*AILEEN*T***XX*1013394097~REF*CE*YQ~DTM*232*20210518~DTM*233*20210518~DTM*050*20210622~AMT*AU*190~SVC*HC:90791:95*190*0~CAS*PR*204*190~REF*6R*928981042~AMT*B6*190~LQ*HE*N130~CLP*928447542*1*120*0**12*21173E0002184*11~NM1*QC*1*KAMA*RANDALL****MI*XLAR000084153071~NM1*82*1*FERREIRA*LORI*M***XX*1811143126~REF*CE*731~DTM*232*20210323~DTM*233*20210323~DTM*050*20210622~SVC*HC:90834:95*120*0~CAS*OA*18*120~REF*6R*928849012~LQ*HE*N522~CLP*928530270*1*175*0**12*21173E0002261*11~NM1*QC*1*OWENS*NATALIE****MI*XLAR000030570758~NM1*IL*1*OWENS*LAMONT****MI*XLAR000030570758~NM1*74*1******C*R000030570758~NM1*82*1*PLAYTER*AILEEN*T***XX*1013394097~REF*CE*898~DTM*232*20210520~DTM*233*20210520~DTM*050*20210622~SVC*HC:90837:95*175*0~CAS*OA*18*175~REF*6R*928992207~LQ*HE*N522~CLP*928387395*1*175*107.39**12*21173E0002395*11~NM1*QC*1*OWENS*NATALIE****MI*XLAR000030570758~NM1*IL*1*OWENS*LAMONT****MI*XLAR000030570758~NM1*74*1******C*R000030570758~NM1*82*1*PLAYTER*AILEEN*T***XX*1013394097~REF*CE*898~DTM*232*20210211~DTM*233*20210211~DTM*050*20210622~AMT*AU*107.39~SVC*HC:90837:95*175*107.39~CAS*CO*45*67.61~REF*6R*928745428~AMT*B6*107.39~CLP*928393867*1*90*0**12*21173E0002564*11~NM1*QC*1*OWENS*NATALIE****MI*XLAR000030570758~NM1*IL*1*OWENS*LAMONT****MI*XLAR000030570758~NM1*74*1******C*R000030570758~NM1*82*1*PLAYTER*AILEEN*T***XX*1013394097~REF*CE*898~DTM*232*20210316~DTM*233*20210316~DTM*050*20210622~SVC*HC:90832:95*90*0~CAS*OA*18*90~REF*6R*928756389~LQ*HE*N522~CLP*928373383*1*175*0**12*21173E0002593*11~NM1*QC*1*OWENS*NATALIE****MI*XLAR000030570758~NM1*IL*1*OWENS*LAMONT****MI*XLAR000030570758~NM1*74*1******C*R000030570758~NM1*82*1*PLAYTER*AILEEN*T***XX*1013394097~REF*CE*898~DTM*232*20210202~DTM*233*20210202~DTM*050*20210622~SVC*HC:90837:95*175*0~CAS*OA*18*175~REF*6R*928718451~LQ*HE*N522~CLP*928543337*1*120*0**12*21173E0002801*11~NM1*QC*1*OWENS*NATALIE****MI*XLAR000030570758~NM1*IL*1*OWENS*LAMONT****MI*XLAR000030570758~NM1*74*1******C*R000030570758~NM1*82*1*PLAYTER*AILEEN*T***XX*1013394097~REF*CE*898~DTM*232*20210528~DTM*233*20210528~DTM*050*20210622~SVC*HC:90834:95*120*0~CAS*OA*18*120~REF*6R*9281014816~LQ*HE*N522~CLP*928374264*1*175*0**12*21173E0002867*11~NM1*QC*1*OWENS*NATALIE****MI*XLAR000030570758~NM1*IL*1*OWENS*LAMONT****MI*XLAR000030570758~NM1*74*1******C*R000030570758~NM1*82*1*PLAYTER*AILEEN*T***XX*1013394097~REF*CE*898~DTM*232*20210208~DTM*233*20210208~DTM*050*20210622~SVC*HC:90837:95*175*0~CAS*OA*18*175~REF*6R*928720147~LQ*HE*N522~CLP*928392897*1*90*0**12*21173E0002907*11~NM1*QC*1*OWENS*NATALIE****MI*XLAR000030570758~NM1*IL*1*OWENS*LAMONT****MI*XLAR000030570758~NM1*74*1******C*R000030570758~NM1*82*1*PLAYTER*AILEEN*T***XX*1013394097~REF*CE*898~DTM*232*20210309~DTM*233*20210309~DTM*050*20210622~SVC*HC:90832:95*90*0~CAS*OA*18*90~REF*6R*928754799~LQ*HE*N522~CLP*928488167*1*175*0**12*21173E0002928*11~NM1*QC*1*OWENS*NATALIE****MI*XLAR000030570758~NM1*IL*1*OWENS*LAMONT****MI*XLAR000030570758~NM1*74*1******C*R000030570758~NM1*82*1*PLAYTER*AILEEN*T***XX*1013394097~REF*CE*898~DTM*232*20210422~DTM*233*20210422~DTM*050*20210622~SVC*HC:90837:95*175*0~CAS*OA*18*175~REF*6R*928919126~LQ*HE*N522~CLP*928447458*1*120*0**12*21173E0002957*11~NM1*QC*1*OWENS*NATALIE****MI*XLAR000030570758~NM1*IL*1*OWENS*LAMONT****MI*XLAR000030570758~NM1*74*1******C*R000030570758~NM1*82*1*PLAYTER*AILEEN*T***XX*1013394097~REF*CE*898~DTM*232*20210330~DTM*233*20210330~DTM*050*20210622~SVC*HC:90834:95*120*0~CAS*OA*18*120~REF*6R*928848876~LQ*HE*N522~CLP*928392287*1*175*0**12*21173E0003059*11~NM1*QC*1*OWENS*NATALIE****MI*XLAR000030570758~NM1*IL*1*OWENS*LAMONT****MI*XLAR000030570758~NM1*74*1******C*R000030570758~NM1*82*1*PLAYTER*AILEEN*T***XX*1013394097~REF*CE*898~DTM*232*20210302~DTM*233*20210302~DTM*050*20210622~SVC*HC:90837:95*175*0~CAS*OA*18*175~REF*6R*928753861~LQ*HE*N522~CLP*928384783*1*175*107.39**12*21173E0003174*11~NM1*QC*1*OWENS*NATALIE****MI*XLAR000030570758~NM1*IL*1*OWENS*LAMONT****MI*XLAR000030570758~NM1*74*1******C*R000030570758~NM1*82*1*PLAYTER*AILEEN*T***XX*1013394097~REF*CE*898~DTM*232*20210223~DTM*233*20210223~DTM*050*20210622~AMT*AU*107.39~SVC*HC:90837:95*175*107.39~CAS*CO*45*67.61~REF*6R*928740492~AMT*B6*107.39~CLP*928392584*1*175*0**12*21173E0003192*11~NM1*QC*1*OWENS*NATALIE****MI*XLAR000030570758~NM1*IL*1*OWENS*LAMONT****MI*XLAR000030570758~NM1*74*1******C*R000030570758~NM1*82*1*PLAYTER*AILEEN*T***XX*1013394097~REF*CE*898~DTM*232*20210304~DTM*233*20210304~DTM*050*20210622~SVC*HC:90837:95*175*0~CAS*OA*18*175~REF*6R*928754337~LQ*HE*N522~CLP*928543270*1*175*0**12*21173E0003221*11~NM1*QC*1*OWENS*NATALIE****MI*XLAR000030570758~NM1*IL*1*OWENS*LAMONT****MI*XLAR000030570758~NM1*74*1******C*R000030570758~NM1*82*1*PLAYTER*AILEEN*T***XX*1013394097~REF*CE*898~DTM*232*20210517~DTM*233*20210517~DTM*050*20210622~SVC*HC:90837:95*175*0~CAS*OA*18*175~REF*6R*9281014736~LQ*HE*N522~CLP*928448293*1*120*0**12*21173E0003257*11~NM1*QC*1*OWENS*NATALIE****MI*XLAR000030570758~NM1*IL*1*OWENS*LAMONT****MI*XLAR000030570758~NM1*74*1******C*R000030570758~NM1*82*1*PLAYTER*AILEEN*T***XX*1013394097~REF*CE*898~DTM*232*20210402~DTM*233*20210402~DTM*050*20210622~SVC*HC:90834:95*120*0~CAS*OA*18*120~REF*6R*928850192~LQ*HE*N522~CLP*928388549*1*175*0**12*21173E0003278*11~NM1*QC*1*OWENS*NATALIE****MI*XLAR000030570758~NM1*IL*1*OWENS*LAMONT****MI*XLAR000030570758~NM1*74*1******C*R000030570758~NM1*82*1*PLAYTER*AILEEN*T***XX*1013394097~REF*CE*898~DTM*232*20210218~DTM*233*20210218~DTM*050*20210622~SVC*HC:90837:95*175*0~CAS*OA*18*175~REF*6R*928747583~LQ*HE*N522~CLP*928462387*1*175*0**12*21173E0003313*11~NM1*QC*1*OWENS*NATALIE****MI*XLAR000030570758~NM1*IL*1*OWENS*LAMONT****MI*XLAR000030570758~NM1*74*1******C*R000030570758~NM1*82*1*PLAYTER*AILEEN*T***XX*1013394097~REF*CE*898~DTM*232*20210419~DTM*233*20210419~DTM*050*20210622~SVC*HC:90837:95*175*0~CAS*OA*18*175~REF*6R*928874616~LQ*HE*N522~CLP*928488184*1*145*0**12*21173E0003393*11~NM1*QC*1*OWENS*NATALIE****MI*XLAR000030570758~NM1*IL*1*OWENS*LAMONT****MI*XLAR000030570758~NM1*74*1******C*R000030570758~NM1*82*1*PLAYTER*AILEEN*T***XX*1013394097~REF*CE*898~DTM*232*20210427~DTM*233*20210427~DTM*050*20210622~SVC*HC:90846:95*145*0~CAS*OA*18*145~REF*6R*928919147~LQ*HE*N522~CLP*928543296*1*120*0**12*21173E0003428*11~NM1*QC*1*OWENS*NATALIE****MI*XLAR000030570758~NM1*IL*1*OWENS*LAMONT****MI*XLAR000030570758~NM1*74*1******C*R000030570758~NM1*82*1*PLAYTER*AILEEN*T***XX*1013394097~REF*CE*898~DTM*232*20210524~DTM*233*20210524~DTM*050*20210622~SVC*HC:90834:95*120*0~CAS*OA*18*120~REF*6R*9281014767~LQ*HE*N522~CLP*928459478*1*120*0**12*21173E0003646*11~NM1*QC*1*KAMA*RANDALL****MI*XLAR000084153071~NM1*82*1*FERREIRA*LORI*M***XX*1811143126~REF*CE*731~DTM*232*20210406~DTM*233*20210406~DTM*050*20210622~SVC*HC:90834:95*120*0~CAS*OA*18*120~REF*6R*928869429~LQ*HE*N522~CLP*928444095*1*120*0**12*21173E0004100*11~NM1*QC*1*KAMA*RANDALL****MI*XLAR000084153071~NM1*82*1*FERREIRA*LORI*M***XX*1811143126~REF*CE*731~DTM*232*20210309~DTM*233*20210309~DTM*050*20210622~SVC*HC:90834:99:95*120*0~CAS*OA*18*120~REF*6R*928843404~LQ*HE*N522~CLP*928519213*1*175*0**12*21173E0004206*11~NM1*QC*1*OWENS*NATALIE****MI*XLAR000030570758~NM1*IL*1*OWENS*LAMONT****MI*XLAR000030570758~NM1*74*1******C*R000030570758~NM1*82*1*PLAYTER*AILEEN*T***XX*1013394097~REF*CE*898~DTM*232*20210507~DTM*233*20210507~DTM*050*20210622~SVC*HC:90837:95*175*0~CAS*OA*18*175~REF*6R*928972664~LQ*HE*N522~CLP*928495103*1*175*0**12*21174E0000011*11~NM1*QC*1*YAGO*SCOTT ALLE****MI*XLRR000082156936~NM1*74*1**SCOTT ALLEN*R***C*R000082156936~NM1*82*1*WATERS*LORI*M***XX*1760854152~REF*CE*744~DTM*232*20210503~DTM*233*20210503~DTM*050*20210622~SVC*HC:90837:95*175*0~CAS*OA*18*175~REF*6R*928989902~LQ*HE*N522~CLP*928447742*1*175*0**12*21174E0000013*11~NM1*QC*1*YAGO*SCOTT ALLE****MI*XLRR000082156936~NM1*74*1**SCOTT ALLEN*R***C*R000082156936~NM1*82*1*WATERS*LORI*M***XX*1760854152~REF*CE*744~DTM*232*20210323~DTM*233*20210323~DTM*050*20210622~SVC*HC:90837:95*175*0~CAS*OA*18*175~REF*6R*928849299~LQ*HE*N522~CLP*928392871*1*175*0**12*21174E0000015*11~NM1*QC*1*YAGO*SCOTT ALLE****MI*XLRR000082156936~NM1*74*1**SCOTT ALLEN*R***C*R000082156936~NM1*82*1*WATERS*LORI*M***XX*1760854152~REF*CE*744~DTM*232*20210309~DTM*233*20210309~DTM*050*20210622~SVC*HC:90837:95*175*0~CAS*OA*18*175~REF*6R*928754762~LQ*HE*N522~CLP*928448415*1*175*0**12*21174E0000077*11~NM1*QC*1*YAGO*SCOTT ALLE****MI*XLRR000082156936~NM1*74*1**SCOTT ALLEN*R***C*R000082156936~NM1*82*1*WATERS*LORI*M***XX*1760854152~REF*CE*744~DTM*232*20210409~DTM*233*20210409~DTM*050*20210622~SVC*HC:90837:95*175*0~CAS*OA*18*175~REF*6R*928850368~LQ*HE*N522~CLP*928444238*1*175*0**12*21174E0000186*11~NM1*QC*1*YAGO*SCOTT ALLE****MI*XLRR000082156936~NM1*74*1**SCOTT ALLEN*R***C*R000082156936~NM1*82*1*WATERS*LORI*M***XX*1760854152~REF*CE*744~DTM*232*20210316~DTM*233*20210316~DTM*050*20210622~SVC*HC:90837:95*175*0~CAS*OA*18*175~REF*6R*928843627~LQ*HE*N522~CLP*928392240*1*175*0**12*21174E0000234*11~NM1*QC*1*YAGO*SCOTT ALLE****MI*XLRR000082156936~NM1*74*1**SCOTT ALLEN*R***C*R000082156936~NM1*82*1*WATERS*LORI*M***XX*1760854152~REF*CE*744~DTM*232*20210302~DTM*233*20210302~DTM*050*20210622~SVC*HC:90837:95*175*0~CAS*OA*18*175~REF*6R*928753792~LQ*HE*N522~CLP*928481637*1*175*0**12*21174E0000323*11~NM1*QC*1*YAGO*SCOTT ALLE****MI*XLRR000082156936~NM1*74*1**SCOTT ALLEN*R***C*R000082156936~NM1*82*1*WATERS*LORI*M***XX*1760854152~REF*CE*744~DTM*232*20210419~DTM*233*20210419~DTM*050*20210622~SVC*HC:90837:95*175*0~CAS*OA*18*175~REF*6R*928907693~LQ*HE*N522~CLP*928543269*1*175*0**12*21174E0000745*11~NM1*QC*1*YAGO*SCOTT ALLE****MI*XLRR000082156936~NM1*74*1**SCOTT ALLEN*R***C*R000082156936~NM1*82*1*WATERS*LORI*M***XX*1760854152~REF*CE*744~DTM*232*20210517~DTM*233*20210517~DTM*050*20210622~SVC*HC:90837:95*175*0~CAS*OA*18*175~REF*6R*9281014735~LQ*HE*N522~CLP*928384804*1*175*0**12*21174E0000799*11~NM1*QC*1*YAGO*SCOTT ALLE****MI*XLRR000082156936~NM1*74*1**SCOTT ALLEN*R***C*R000082156936~NM1*82*1*WATERS*LORI*M***XX*1760854152~REF*CE*744~DTM*232*20210223~DTM*233*20210223~DTM*050*20210622~SVC*HC:90837:95*175*0~CAS*OA*18*175~REF*6R*928740524~LQ*HE*N522~CLP*928529420*1*175*0**12*21174E0000817*11~NM1*QC*1*YAGO*SCOTT ALLE****MI*XLRR000082156936~NM1*74*1**SCOTT ALLEN*R***C*R000082156936~NM1*82*1*WATERS*LORI*M***XX*1760854152~REF*CE*744~DTM*232*20210510~DTM*233*20210510~DTM*050*20210622~SVC*HC:90837:95*175*0~CAS*OA*18*175~REF*6R*928989904~LQ*HE*N522~CLP*928373458*1*175*0**12*21174E0000920*11~NM1*QC*1*YAGO*SCOTT ALLE****MI*XLRR000082156936~NM1*74*1**SCOTT ALLEN*R***C*R000082156936~NM1*82*1*WATERS*LORI*M***XX*1760854152~REF*CE*744~DTM*232*20210202~DTM*233*20210202~DTM*050*20210622~SVC*HC:90837:95*175*0~CAS*OA*18*175~REF*6R*928718578~LQ*HE*N522~CLP*928388077*1*175*0**12*21174E0000949*11~NM1*QC*1*YAGO*SCOTT ALLE****MI*XLRR000082156936~NM1*74*1**SCOTT ALLEN*R***C*R000082156936~NM1*82*1*WATERS*LORI*M***XX*1760854152~REF*CE*744~DTM*232*20210211~DTM*233*20210211~DTM*050*20210622~SVC*HC:90837:95*175*0~CAS*OA*18*175~REF*6R*928746622~LQ*HE*N522~CLP*928444172*1*175*0**12*21174E0001223*11~NM1*QC*1*YAGO*SCOTT ALLE****MI*XLRR000082156936~NM1*74*1**SCOTT ALLEN*R***C*R000082156936~NM1*82*1*WATERS*LORI*M***XX*1760854152~REF*CE*744~DTM*232*20210401~DTM*233*20210401~DTM*050*20210622~SVC*HC:90837:95*175*0~CAS*OA*18*175~REF*6R*928843509~LQ*HE*N522~CLP*928443858*1*120*0**12*21173E0002169*11~NM1*QC*1*PEEBLES*BRANDEN****MI*XLER000082601907~NM1*74*1***M***C*R000082601907~NM1*82*1*FERREIRA*LORI*M***XX*1811143126~REF*CE*690~DTM*232*20210315~DTM*233*20210315~DTM*050*20210622~SVC*HC:90834:95*120*0~CAS*OA*18*120~REF*6R*928842980~LQ*HE*N522~CLP*928382312*1*120*0**12*21173E0002417*11~NM1*QC*1*PEEBLES*BRANDEN****MI*XLER000082601907~NM1*74*1***M***C*R000082601907~NM1*82*1*FERREIRA*LORI*M***XX*1811143126~REF*CE*690~DTM*232*20210225~DTM*233*20210225~DTM*050*20210622~SVC*HC:90834:95*120*0~CAS*OA*18*120~REF*6R*928735400~LQ*HE*N522~CLP*928495089*1*175*0**12*21173E0002431*11~NM1*QC*1*MIYASHIRO*CHELSIE****MI*XLER000029417656~NM1*74*1***K***C*R000029417656~NM1*82*1*WATERS*LORI*M***XX*1760854152~REF*CE*562~DTM*232*20210503~DTM*233*20210503~DTM*050*20210622~SVC*HC:90837:95*175*0~CAS*OA*18*175~REF*6R*928930575~LQ*HE*N522~CLP*928471033*1*120*0**12*21173E0002436*11~NM1*QC*1*PEEBLES*BRANDEN****MI*XLER000082601907~NM1*74*1***M***C*R000082601907~NM1*82*1*FERREIRA*LORI*M***XX*1811143126~REF*CE*690~DTM*232*20210413~DTM*233*20210413~DTM*050*20210622~SVC*HC:90834:95*120*0~CAS*OA*18*120~REF*6R*928890045~LQ*HE*N522~CLP*928447460*1*120*0**12*21173E0002653*11~NM1*QC*1*PEEBLES*BRANDEN****MI*XLER000082601907~NM1*74*1***M***C*R000082601907~NM1*82*1*FERREIRA*LORI*M***XX*1811143126~REF*CE*690~DTM*232*20210330~DTM*233*20210330~DTM*050*20210622~SVC*HC:90834:95*120*0~CAS*OA*18*120~REF*6R*928848877~LQ*HE*N522~CLP*928481803*1*120*0**12*21173E0002760*11~NM1*QC*1*PEEBLES*BRANDEN****MI*XLER000082601907~NM1*74*1***M***C*R000082601907~NM1*82*1*FERREIRA*LORI*M***XX*1811143126~REF*CE*690~DTM*232*20210420~DTM*233*20210420~DTM*050*20210622~SVC*HC:90834:95*120*0~CAS*OA*18*120~REF*6R*928907939~LQ*HE*N522~CLP*928392603*1*175*0**12*21173E0002910*11~NM1*QC*1*MIYASHIRO*CHELSIE****MI*XLER000029417656~NM1*74*1***K***C*R000029417656~NM1*82*1*WATERS*LORI*M***XX*1760854152~REF*CE*562~DTM*232*20210304~DTM*233*20210304~DTM*050*20210622~SVC*HC:90837:95*175*0~CAS*OA*18*175~REF*6R*928848920~LQ*HE*N522~CLP*928385172*1*175*0**12*21173E0002996*11~NM1*QC*1*MIYASHIRO*CHELSIE****MI*XLER000029417656~NM1*74*1***K***C*R000029417656~NM1*82*1*WATERS*LORI*M***XX*1760854152~REF*CE*562~DTM*232*20210222~DTM*233*20210222~DTM*050*20210622~SVC*HC:90837:95*175*0~CAS*OA*18*175~REF*6R*928741248~LQ*HE*N522~CLP*928373259*1*175*0**12*21173E0003034*11~NM1*QC*1*MIYASHIRO*CHELSIE****MI*XLER000029417656~NM1*74*1***K***C*R000029417656~NM1*82*1*WATERS*LORI*M***XX*1760854152~REF*CE*562~DTM*232*20210201~DTM*233*20210201~DTM*050*20210622~SVC*HC:90837:95*175*0~CAS*OA*18*175~REF*6R*928718146~LQ*HE*N522~CLP*928447505*1*120*0**12*21173E0003138*11~NM1*QC*1*PEEBLES*BRANDEN****MI*XLER000082601907~NM1*74*1***M***C*R000082601907~NM1*82*1*FERREIRA*LORI*M***XX*1811143126~REF*CE*690~DTM*232*20210325~DTM*233*20210325~DTM*050*20210622~SVC*HC:90834:95*120*0~CAS*OA*18*120~REF*6R*928848944~LQ*HE*N522~CLP*928447497*1*175*0**12*21173E0003224*11~NM1*QC*1*MIYASHIRO*CHELSIE****MI*XLER000029417656~NM1*74*1***K***C*R000029417656~NM1*82*1*WATERS*LORI*M***XX*1760854152~REF*CE*562~DTM*232*20210322~DTM*233*20210322~DTM*050*20210622~SVC*HC:90837:95*175*0~CAS*OA*18*175~REF*6R*928848936~LQ*HE*N522~CLP*928374276*1*175*0**12*21173E0003321*11~NM1*QC*1*MIYASHIRO*CHELSIE****MI*XLER000029417656~NM1*74*1***K***C*R000029417656~NM1*82*1*FERREIRA*LORI*M***XX*1811143126~REF*CE*562~DTM*232*20210208~DTM*233*20210208~DTM*050*20210622~SVC*HC:90837:95*175*0~CAS*OA*18*175~REF*6R*928720161~LQ*HE*N522~CLP*928543272*1*90*0**12*21173E0003382*11~NM1*QC*1*MIYASHIRO*CHELSIE****MI*XLER000029417656~NM1*74*1***K***C*R000029417656~NM1*82*1*WATERS*LORI*M***XX*1760854152~REF*CE*562~DTM*232*20210517~DTM*233*20210517~DTM*050*20210622~SVC*HC:90832:95*90*0~CAS*OA*18*90~REF*6R*9281014738~LQ*HE*N522~CLP*928388506*1*175*0**12*21173E0003433*11~NM1*QC*1*MIYASHIRO*CHELSIE****MI*XLER000029417656~NM1*74*1***K***C*R000029417656~NM1*82*1*WATERS*LORI*M***XX*1760854152~REF*CE*562~DTM*232*20210215~DTM*233*20210215~DTM*050*20210622~SVC*HC:90837:95*175*0~CAS*OA*18*175~REF*6R*928747509~LQ*HE*N522~CLP*928448448*1*175*0**12*21173E0003529*11~NM1*QC*1*MIYASHIRO*CHELSIE****MI*XLER000029417656~NM1*74*1***K***C*R000029417656~NM1*82*1*WATERS*LORI*M***XX*1760854152~REF*CE*562~DTM*232*20210405~DTM*233*20210405~DTM*050*20210622~SVC*HC:90837:95*175*0~CAS*OA*18*175~REF*6R*928850414~LQ*HE*N522~CLP*928388659*1*120*0**12*21173E0003706*11~NM1*QC*1*PEEBLES*BRANDEN****MI*XLER000082601907~NM1*74*1***M***C*R000082601907~NM1*82*1*FERREIRA*LORI*M***XX*1811143126~REF*CE*690~DTM*232*20210216~DTM*233*20210216~DTM*050*20210622~SVC*HC:90834:95*120*0~CAS*OA*18*120~REF*6R*928747783~LQ*HE*N522~CLP*928448422*1*120*0**12*21173E0003776*11~NM1*QC*1*PEEBLES*BRANDEN****MI*XLER000082601907~NM1*74*1***M***C*R000082601907~NM1*82*1*FERREIRA*LORI*M***XX*1811143126~REF*CE*690~DTM*232*20210405~DTM*233*20210405~DTM*050*20210622~SVC*HC:90834:95*120*0~CAS*OA*18*120~REF*6R*928850379~LQ*HE*N522~CLP*928387056*1*120*79.98*19.99*12*21173E0004183*11~NM1*QC*1*PEEBLES*BRANDEN****MI*XLER000082601907~NM1*74*1***M***C*R000082601907~NM1*82*1*FERREIRA*LORI*M***XX*1811143126~REF*CE*690~DTM*232*20210209~DTM*233*20210209~DTM*050*20210622~AMT*AU*99.97~SVC*HC:90834:95*120*79.98~CAS*PR*2*19.99~CAS*CO*45*20.03~REF*6R*928744597~AMT*B6*99.97~SE*1276*0002~ST*835*0003~BPR*I*112.45*C*ACH*CCP*01*121301015*DA*01031503*1990040115**01*321370765*DA*81020-75433*20210629~TRN*1*1118414*1990040115~REF*F2*5.40~DTM*405*20210622~N1*PR*HAWAII MEDICAL SERVICE ASSOCIATION~N3*818 KEEAUMOKU ST~N4*HONOLULU*HI*96814~PER*BL*ETS*TE*8089486355~N1*PE*SERENITY COUNSELING SERVIC*XX*1588011043~REF*TJ*812344400~LX*1~CLP*928391549*1*175*0**HM*21173E0001742*11~NM1*QC*1*WILLIAMSON*LOVE****MI*HFPF000029960309~NM1*82*1*WATERS*LORI*M***XX*1760854152~REF*CE*087~DTM*232*20210301~DTM*233*20210301~DTM*050*20210622~SVC*HC:90837:95*175*0~CAS*OA*18*175~REF*6R*928752528~LQ*HE*N522~CLP*928452895*1*175*0**HM*21173E0002209*11~NM1*QC*1*WILLIAMSON*LOVE****MI*HFPF000029960309~NM1*82*1*WATERS*LORI*M***XX*1760854152~REF*CE*087~DTM*232*20210405~DTM*233*20210405~DTM*050*20210622~SVC*HC:90837:95*175*0~CAS*OA*18*175~REF*6R*928857600~LQ*HE*N522~CLP*928447622*1*175*0**HM*21173E0002411*11~NM1*QC*1*BAUTISTA*MICHELLE****MI*HFPF000029543360~NM1*74*1***V***C*F000029543360~NM1*82*1*PLAYTER*AILEEN*T***XX*1013394097~REF*CE*087~DTM*232*20210325~DTM*233*20210325~DTM*050*20210622~SVC*HC:90837:95*175*0~CAS*OA*18*175~REF*6R*928849113~LQ*HE*N522~CLP*928462514*1*175*0**HM*21173E0002532*11~NM1*QC*1*BAUTISTA*MICHELLE****MI*HFPF000029543360~NM1*74*1***V***C*F000029543360~NM1*82*1*PLAYTER*AILEEN*T***XX*1013394097~REF*CE*087~DTM*232*20210419~DTM*233*20210419~DTM*050*20210622~SVC*HC:90837:95*175*0~CAS*OA*18*175~REF*6R*928874802~LQ*HE*N522~CLP*928374597*1*175*0**HM*21173E0002748*11~NM1*QC*1*BAUTISTA*MICHELLE****MI*HFPF000029543360~NM1*74*1***V***C*F000029543360~NM1*82*1*PLAYTER*AILEEN*T***XX*1013394097~REF*CE*087~DTM*232*20210225~DTM*233*20210225~DTM*050*20210622~SVC*HC:90837:95*175*0~CAS*OA*18*175~REF*6R*928720644~LQ*HE*N522~CLP*928392801*1*175*0**HM*21173E0002835*11~NM1*QC*1*WILLIAMSON*LOVE****MI*HFPF000029960309~NM1*82*1*WATERS*LORI*M***XX*1760854152~REF*CE*087~DTM*232*20210308~DTM*233*20210308~DTM*050*20210622~SVC*HC:90837:95*175*0~CAS*OA*18*175~REF*6R*928754687~LQ*HE*N522~CLP*928444519*1*175*0**HM*21173E0002839*11~NM1*QC*1*BAUTISTA*MICHELLE****MI*HFPF000029543360~NM1*74*1***V***C*F000029543360~NM1*82*1*PLAYTER*AILEEN*T***XX*1013394097~REF*CE*087~DTM*232*20210318~DTM*233*20210318~DTM*050*20210622~SVC*HC:90837:95*175*0~CAS*OA*18*175~REF*6R*928844135~LQ*HE*N522~CLP*928448410*1*175*0**HM*21173E0002843*11~NM1*QC*1*BAUTISTA*MICHELLE****MI*HFPF000029543360~NM1*74*1***V***C*F000029543360~NM1*82*1*PLAYTER*AILEEN*T***XX*1013394097~REF*CE*087~DTM*232*20210405~DTM*233*20210405~DTM*050*20210622~SVC*HC:90837:95*175*0~CAS*OA*18*175~REF*6R*928850363~LQ*HE*N522~CLP*928447774*1*175*0**HM*21173E0002850*11~NM1*QC*1*WILLIAMSON*LOVE****MI*HFPF000029960309~NM1*82*1*WATERS*LORI*M***XX*1760854152~REF*CE*087~DTM*232*20210329~DTM*233*20210329~DTM*050*20210622~SVC*HC:90837:95*175*0~CAS*OA*18*175~REF*6R*928849351~LQ*HE*N522~CLP*928491629*1*175*0**HM*21173E0002969*11~NM1*QC*1*BAUTISTA*MICHELLE****MI*HFPF000029543360~NM1*74*1***V***C*F000029543360~NM1*82*1*PLAYTER*AILEEN*T***XX*1013394097~REF*CE*087~DTM*232*20210503~DTM*233*20210503~DTM*050*20210622~SVC*HC:90837:95*175*0~CAS*OA*18*175~REF*6R*928925083~LQ*HE*N522~CLP*928373864*1*175*0**HM*21173E0003187*11~NM1*QC*1*BAUTISTA*MICHELLE****MI*HFPF000029543360~NM1*74*1***V***C*F000029543360~NM1*82*1*PLAYTER*AILEEN*T***XX*1013394097~REF*CE*087~DTM*232*20210204~DTM*233*20210204~DTM*050*20210622~SVC*HC:90837:95*175*0~CAS*OA*18*175~REF*6R*928719380~LQ*HE*N522~CLP*928448491*1*175*0**HM*21173E0003416*11~NM1*QC*1*WILLIAMSON*LOVE****MI*HFPF000029960309~NM1*82*1*WATERS*LORI*M***XX*1760854152~REF*CE*087~DTM*232*20210412~DTM*233*20210412~DTM*050*20210622~SVC*HC:90837:95*175*0~CAS*OA*18*175~REF*6R*928850474~LQ*HE*N522~CLP*928373878*1*175*112.45**HM*21173E0003649*11~NM1*QC*1*DRAGNA*MIKELLA****MI*HFPF000026496935~NM1*IL*1*DRAGNA*GINGER****MI*HFPF000026496935~NM1*74*1***L***C*F000026496935~NM1*82*1*MATSUMOTO*NATALIA*A***XX*1427398312~REF*CE*087~DTM*232*20210206~DTM*233*20210206~DTM*050*20210622~AMT*AU*112.45~SVC*HC:90837:95*175*112.45~CAS*CO*45*62.55~REF*6R*928719396~AMT*B6*112.45~SE*166*0003~GE*3*846768718~IEA*1*846768718~