ISA*00*          *00*          *ZZ*330897513      *ZZ*MEDBOSSC       *210706*0713*^*00501*848823377*0*P*:~GS*HP*330897513*MEDBOSSC*20210706*0713*848823377*X*005010X221A1~ST*835*0001~BPR*H*0*C*NON************20210705~TRN*1*2021070715100023*1111113627*000004567~REF*EV*BFT220003440~REF*F2*1333~DTM*405*20210705~N1*PR*UNITEDHEALTHCARE INSURANCE COMPANY*XV*04567~N3*UNITEDHEALTHCARE COMMUNITY   STATE*P.O. BOX 5290~N4*KINGSTON*NY*12402~REF*2U*04567~PER*CX*UNITEDHEALTHCARE INSURANCE COMPANY*TE*8889808728~PER*BL*UHC ESOLUTIONS COMMUNITY HEALTHPLAN*EM*AC_EDI_OPS@UHC.COM~N1*PE*SERENITY COUNSELING SERVICES HAWAII LLC*XX*1588011043~N3*94-1261 LUMIKULA ST BLDG 3U~N4*WAIPAHU*HI*967974087~REF*TJ*812344400~LX*1~TS3*006116310002*11*20211231*2*310~CLP*928444445*1*190*0**MC*21H106989300*11~NM1*QC*1*BERMUDEZ*SUZANNE*E***MI*120182987~NM1*74*1******C*0002556152~NM1*82*1*WATERS*LORI***MA*XX*1760854152~REF*CE*HI QI NON-DUAL EXPANSION CHIP~DTM*232*20210317~DTM*233*20210317~DTM*050*20210625~SVC*HC:90791*190*0~DTM*472*20210317~CAS*CO*197*87.75**45*102.25~REF*LU*M1~CLP*928543303*1*120*0**MC*21H137388900*11~NM1*QC*1*BERMUDEZ*SUZANNE*E***MI*120182987~NM1*74*1******C*0002556152~NM1*82*1*WATERS*LORI***MA*XX*1760854152~REF*CE*HI QI NON-DUAL EXPANSION CHIP~DTM*232*20210524~DTM*233*20210524~DTM*050*20210629~SVC*HC:90834*120*0~DTM*472*20210524~CAS*CO*197*57.75**45*62.25~REF*LU*M1~SE*43*0001~GE*1*848823377~IEA*1*848823377~