ISA*00*          *00*          *ZZ*330897513      *ZZ*MEDBOSSC       *211012*0243*^*00501*880796909*0*P*:~GS*HP*330897513*MEDBOSSC*20211012*0243*880796909*X*005010X221A1~ST*835*0001~BPR*I*329.58*C*ACH*CCP*01*121301015*DA*01031503*1990040115**01*321370765*DA*81020-75433*20211012~TRN*1*1141667*1990040115~REF*F2*5.40~DTM*405*20211007~N1*PR*HAWAII MEDICAL SERVICE ASSOCIATION~N3*818 KEEAUMOKU ST~N4*HONOLULU*HI*96814~PER*BL*ETS*TE*8089486355~N1*PE*SERENITY COUNSELING SERVIC*XX*1588011043~REF*TJ*812344400~LX*1~CLP*943-5216*1*150*112.45**HM*21278E0013596*02~NM1*QC*1*KRUSE*MARIA****MI*HFPF000030963524~NM1*IL*1*KRUSE*KEVIN*I***MI*HFPF000030963524~NM1*74*1******C*F000030963524~NM1*82*1*PLAYTER*AILEEN*T***XX*1013394097~REF*CE*087~DTM*232*20211001~DTM*233*20211001~DTM*050*20211004~AMT*AU*112.45~SVC*HC:90837:95*150*112.45~CAS*CO*45*37.55~REF*6R*433943-5216~AMT*B6*112.45~CLP*731-5273*1*150*112.45**HM*21279E0005248*02~NM1*QC*1*CARINIO*JASON****MI*HFPF000025476797~NM1*74*1***R***C*F000025476797~NM1*82*1*PLAYTER*AILEEN*T***XX*1013394097~REF*CE*087~DTM*232*20210927~DTM*233*20210927~DTM*050*20211005~AMT*AU*112.45~SVC*HC:90837:95*150*112.45~CAS*CO*45*37.55~REF*6R*284731-5273~AMT*B6*112.45~CLP*712-3209*1*120*104.68**HM*21280E0005073*02~NM1*QC*1*ZOLLINGER-ABEYTA*LYRIC****MI*HFPF000030120083~NM1*IL*1*ZOLLINGER*CHRISTOPHER****MI*HFPF000030120083~NM1*74*1*ZOLLINGER ABEYTA*CHRISTOPHE*J***C*F000030120083~NM1*82*1*FERREIRA*LORI*M***XX*1811143126~REF*CE*087~DTM*232*20210703~DTM*233*20210703~DTM*050*20211006~AMT*AU*104.68~SVC*HC:90834:95*120*104.68~CAS*CO*45*15.32~REF*6R*718712-3209~AMT*B6*104.68~SE*54*0001~ST*835*0002~BPR*I*1243*C*ACH*CCP*01*121301015*DA*48070310*1990040115**01*321370765*DA*81020-75433*20211012~TRN*1*1671778*1990040115~REF*F2*5.40~DTM*405*20211007~N1*PR*HAWAII MEDICAL SERVICE ASSOCIATION~N3*818 KEEAUMOKU ST~N4*HONOLULU*HI*96814~PER*BL*ETS*TE*8089486355~N1*PE*SERENITY COUNSELING SERVIC*XX*1588011043~REF*TJ*812344400~LX*1~CLP*738-5176*1*120*87.97*12*12*21277E0004987*02~NM1*QC*1*LOPEZ*SHASTY****MI*R000084315951~NM1*82*1*WATERS*LORI*M***XX*1760854152~REF*CE*662~DTM*232*20210929~DTM*233*20210929~DTM*050*20211004~AMT*AU*99.97~SVC*HC:90834:95*120*87.97~CAS*PR*3*12~CAS*CO*45*20.03~REF*6R*148738-5176~AMT*B6*99.97~CLP*398-5184*1*150*107.39**12*21277E0006027*02~NM1*QC*1*MARRIA*JULIE****MI*R000081560393~NM1*IL*1*CHRISTOPHER*CYNTHIA****MI*R000081560393~NM1*74*1***J~NM1*82*1*MATSUMOTO*NATALIA*A***XX*1427398312~REF*CE*819~DTM*232*20210912~DTM*233*20210912~DTM*050*20211004~AMT*AU*107.39~SVC*HC:90837:95*150*107.39~CAS*CO*45*42.61~REF*6R*333398-5184~AMT*B6*107.39~CLP*942-4233*2*120*0**12*21277E0006778*02~NM1*QC*1*SHOOK*KEOLAMAI****MI*R000080089287~NM1*IL*1*JODI-LYNN*KEOLAMAI****MI*R000080089287~NM1*74*1*SHOOK*KEOLAMAI IKAIKA*K***C*R000083516575~NM1*82*1*LINARES*DAVID****XX*1699008045~REF*CE*724~DTM*232*20210828~DTM*233*20210828~DTM*050*20211004~SVC*HC:90834:95*120*0~CAS*OA*18*120~REF*6R*195942-4233~LQ*HE*N522~CLP*734-5206*1*120*87.97*12*12*21278E0013577*02~NM1*QC*1*RIFE*ROBYN****MI*R000083705426~NM1*IL*1*RIFE*ROBYN****MI*R000083705426~NM1*74*1**ROBERT~NM1*82*1*WATERS*LORI*M***XX*1760854152~REF*CE*766~DTM*232*20210930~DTM*233*20210930~DTM*050*20211004~AMT*AU*99.97~SVC*HC:90834:95*120*87.97~CAS*PR*3*12~CAS*CO*45*20.03~REF*6R*596734-5206~AMT*B6*99.97~CLP*726-5222*1*150*95.39*12*12*21278E0013750*11~NM1*QC*1*MARTIN*SANDRA*SANDI***MI*XLPR000080101728~NM1*74*1***L***C*R000080101728~NM1*82*1*PLAYTER*AILEEN*T***XX*1013394097~REF*CE*754~DTM*232*20211001~DTM*233*20211001~DTM*050*20211004~AMT*AU*107.39~SVC*HC:90837:95*150*95.39~CAS*PR*3*12~CAS*CO*45*42.61~REF*6R*435726-5222~AMT*B6*107.39~CLP*554-2578*1*120*87.97*12*12*21279E0002448*11~NM1*QC*1*KAWAMOTO*RENEE****MI*R000080509243~NM1*IL*1*KAWAMOTO*RENEE****MI*R000080509243~NM1*74*1**KALEN*M~NM1*82*1*LINARES*DAVID****XX*1699008045~REF*CE*686~DTM*232*20210703~DTM*233*20210703~DTM*050*20211005~AMT*AU*99.97~SVC*HC:90834:95*120*87.97~CAS*PR*3*12~CAS*CO*45*20.03~REF*6R*297554-2578~AMT*B6*99.97~CLP*2039-5296*1*120*89.97*10*12*21279E0003260*02~NM1*QC*1*MEDEIROS*ALVITA****MI*R000070433982~NM1*IL*1*MEDEIROS*REUBEN*K***MI*R000070433982~NM1*82*1*LINARES*DAVID****XX*1699008045~REF*CE*532~DTM*232*20211004~DTM*233*20211004~DTM*050*20211005~AMT*AU*99.97~SVC*HC:90834:95*120*89.97~CAS*PR*2*10~CAS*CO*45*20.03~REF*6R*4502039-5296~AMT*B6*99.97~CLP*554-3645*1*120*87.97*12*12*21279E0003688*02~NM1*QC*1*KAWAMOTO*RENEE****MI*R000080509243~NM1*IL*1*KAWAMOTO*RENEE****MI*R000080509243~NM1*74*1**KALEN*M~NM1*82*1*LINARES*DAVID****XX*1699008045~REF*CE*686~DTM*232*20210807~DTM*233*20210807~DTM*050*20211005~AMT*AU*99.97~SVC*HC:90834:95*120*87.97~CAS*PR*3*12~CAS*CO*45*20.03~REF*6R*322554-3645~AMT*B6*99.97~CLP*2038-5314*1*120*101.96*12*12*21280E0004374*02~NM1*QC*1*MAGALLANES*DUANE****MI*XLPR000080101728~NM1*IL*1*MARTIN*SANDRA****MI*XLPR000080101728~NM1*74*1***L***C*R000080101728~NM1*82*1*PLAYTER*AILEEN*T***XX*1013394097~REF*CE*754~DTM*232*20211005~DTM*233*20211005~DTM*050*20211006~AMT*AU*113.96~SVC*HC:90847:95*120*101.96~CAS*PR*3*12~CAS*CO*45*6.04~REF*6R*8142038-5314~AMT*B6*113.96~CLP*734-4065*1*150*95.39*12*12*21280E0004593*02~NM1*QC*1*RIFE*ROBYN****MI*R000083705426~NM1*IL*1*RIFE*ROBYN****MI*R000083705426~NM1*74*1**ROBERT~NM1*82*1*WATERS*LORI*M***XX*1760854152~REF*CE*766~DTM*232*20210824~DTM*233*20210824~DTM*050*20211006~AMT*AU*107.39~SVC*HC:90837:95*150*95.39~CAS*PR*3*12~CAS*CO*45*42.61~REF*6R*738734-4065~AMT*B6*107.39~CLP*734-5321*1*120*87.97*12*12*21280E0004670*02~NM1*QC*1*RIFE*ROBYN****MI*R000083705426~NM1*IL*1*RIFE*ROBYN****MI*R000083705426~NM1*74*1**ROBERT~NM1*82*1*WATERS*LORI*M***XX*1760854152~REF*CE*766~DTM*232*20211005~DTM*233*20211005~DTM*050*20211006~AMT*AU*99.97~SVC*HC:90834:95*120*87.97~CAS*PR*3*12~CAS*CO*45*20.03~REF*6R*817734-5321~AMT*B6*99.97~CLP*942-4845*2*120*0**HM*21277E0005007*02~NM1*QC*1*SHOOK*KEOLAMAI****MI*R000080089287~NM1*IL*1*JODI-LYNN*KEOLAMAI****MI*R000080089287~NM1*74*1*SHOOK*JODILYNN*N~NM1*82*1*LINARES*DAVID****XX*1699008045~REF*CE*XA~DTM*232*20210918~DTM*233*20210918~DTM*050*20211004~SVC*HC:90834:95*120*0~CAS*OA*18*120~REF*6R*199942-4845~LQ*HE*N522~CLP*942-4422*2*120*0**HM*21277E0005965*02~NM1*QC*1*SHOOK*KEOLAMAI****MI*R000080089287~NM1*IL*1*JODI-LYNN*KEOLAMAI****MI*R000080089287~NM1*74*1*SHOOK*JODILYNN*N~NM1*82*1*LINARES*DAVID****XX*1699008045~REF*CE*XA~DTM*232*20210904~DTM*233*20210904~DTM*050*20211004~SVC*HC:90834:95*120*0~CAS*OA*18*120~REF*6R*198942-4422~LQ*HE*N522~CLP*942-5251*1*120*84.68*20*HM*21278E0013626*02~NM1*QC*1*SHOOK*KEOLAMAI****MI*R000083516575~NM1*IL*1*SHOOK*KEOLAMAI****MI*R000083516575~NM1*74*1**JODILYNN*N***C*R000080089287~NM1*82*1*LINARES*DAVID****XX*1699008045~REF*CE*XA~DTM*232*20211002~DTM*233*20211002~DTM*050*20211004~AMT*AU*104.68~SVC*HC:90834:95*120*84.68~CAS*PR*3*20~CAS*CO*45*15.32~REF*6R*440942-5251~AMT*B6*104.68~CLP*2040-5263*1*180*115.92*20*HM*21278E0013881*02~NM1*QC*1*ROMBAWA*ROSANNA****MI*XLHR000082613373~NM1*IL*1*ROMBAWA*KAAIKANE****MI*XLHR000082613373~NM1*74*1*PRIETO*ROSANNA****C*R000082613373~NM1*82*1*LINARES*DAVID****XX*1699008045~REF*CE*XS~DTM*232*20211002~DTM*233*20211002~DTM*050*20211004~AMT*AU*135.92~SVC*HC:90791:95*180*115.92~CAS*PR*3*20~CAS*CO*45*44.08~REF*6R*4702040-5263~AMT*B6*135.92~CLP*825-4040*1*150*112.45**HM*21280E0004200*11~NM1*QC*1*ORA*LORNA*A***MI*XLHR000080976459~NM1*IL*1*ORA*LORNA*A***MI*XLHR000080976459~NM1*74*1*FERGUSON*AARON****C*R000080976459~NM1*82*1*PLAYTER*AILEEN*T***XX*1013394097~REF*CE*YQ~DTM*232*20210824~DTM*233*20210824~DTM*050*20211006~AMT*AU*112.45~SVC*HC:90837:95*150*112.45~CAS*CO*45*37.55~REF*6R*721825-4040~AMT*B6*112.45~CLP*825-2402*1*120*0*120*HM*21280E0004236*11~NM1*QC*1*ORA*LORNA*A***MI*XLHR000080976459~NM1*IL*1*ORA*LORNA*A***MI*XLHR000080976459~NM1*74*1*FERGUSON*AARON****C*R000080976459~NM1*82*1*PLAYTER*AILEEN*T***XX*1013394097~REF*CE*YQ~DTM*232*20210629~DTM*233*20210629~DTM*050*20211006~AMT*AU*119.33~SVC*HC:90847:95*120*0~CAS*PR*204*120~REF*6R*720825-2402~AMT*B6*119.33~LQ*HE*N130~SE*256*0002~GE*2*880796909~IEA*1*880796909~