ISA*00*          *00*          *ZZ*330897513      *ZZ*MEDBOSSC       *211012*0709*^*00501*880580455*0*P*:~GS*HP*330897513*MEDBOSSC*20211012*0709*880580455*X*005010X221A1~ST*835*0001~BPR*I*140.68*C*ACH*CCP*01*043301627*DA*1077670664*1571132733*000000000*01*321370765*DA*8102075433*20211013~TRN*1*5027759281TR2*1571132733*000000000~REF*EV*7GW0013CA3~REF*F2*1588011043    R88011008003086~DTM*405*20211008~N1*PR*PGBA,LLC~N3*TRICARE WEST REGION CLAIMS*P.O. BOX 202112~N4*FLORENCE*SC*295022112~PER*CX*TRICARE WEST REGION CLAIMS CORRESPONDENCE*TE*8448669378~PER*BL*TRICARE ELECTRONIC CLAIMS SERVICE CENTER*TE*8003255920~N1*PE*SERENITY COUNSELING SERVICES*XX*1588011043~N3*201*99-149 MOANALUA RD~N4*AIEA*HI*96701~REF*TJ*812344400~LX*1~CLP*400-4100*1*120*70.34**CH*H280X00NB0000*02*1~NM1*QC*1*ALEXANDER*SANDRA*A***HN*400-4100~NM1*IL*1*ALEXANDER*TITO*L***MI*463937671~DTM*050*20211007~AMT*AU*70.34~SVC*HC:90834:95*120*70.34~DTM*472*20210426~CAS*CO*45*49.66~REF*6R*665400-4100~AMT*B6*70.34~LX*2~CLP*400-4097*1*120*70.34**CH*H280X00NC0000*02*1~NM1*QC*1*ALEXANDER*SANDRA*A***HN*400-4097~NM1*IL*1*ALEXANDER*TITO*L***MI*463937671~DTM*050*20211007~AMT*AU*70.34~SVC*HC:90834:95*120*70.34~DTM*472*20210713~CAS*CO*45*49.66~REF*6R*667400-4097~AMT*B6*70.34~LX*3~CLP*587-3063*1*120*0**CH*H280X00N70000*02*1~NM1*QC*1*PEREZ MORAN*ALEXIS*M***HN*587-3063~NM1*IL*1*PEREZMORAN*JOSE*F***MI*612845271~NM1*82*1*WATERS*LORI*M***XX*1760854152~REF*1H*524943302~DTM*050*20211007~SVC*HC:90834:95*120*0~DTM*472*20210720~CAS*CO*22*120~REF*6R*662587-3063~LQ*HE*N245~SE*50*0001~GE*1*880580455~IEA*1*880580455~