ISA*00*          *00*          *ZZ*330897513      *ZZ*MEDBOSSC       *210928*0249*^*00501*875991078*0*P*:~GS*HP*330897513*MEDBOSSC*20210928*0249*875991078*X*005010X221A1~ST*835*0001~BPR*I*4404.16*C*ACH*CCP*01*121301015*DA*48070310*1990040115**01*321370765*DA*81020-75433*20210928~TRN*1*1666996*1990040115~REF*F2*5.40~DTM*405*20210923~N1*PR*HAWAII MEDICAL SERVICE ASSOCIATION~N3*818 KEEAUMOKU ST~N4*HONOLULU*HI*96814~PER*BL*ETS*TE*8089486355~N1*PE*SERENITY COUNSELING SERVIC*XX*1588011043~REF*TJ*812344400~LX*1~CLP*942-4845*1*120*84.68*20*HM*21263E0010497*02~NM1*QC*1*SHOOK*KEOLAMAI****MI*R000083516575~NM1*IL*1*SHOOK*KEOLAMAI****MI*R000083516575~NM1*74*1**JODILYNN*N***C*R000080089287~NM1*82*1*LINARES*DAVID****XX*1699008045~REF*CE*XA~DTM*232*20210918~DTM*233*20210918~DTM*050*20210919~AMT*AU*104.68~SVC*HC:90834:95*120*84.68~CAS*PR*3*20~CAS*CO*45*15.32~REF*6R*093942-4845~AMT*B6*104.68~CLP*883-4208*1*180*115.92*20*HM*21264E0004811*02~NM1*QC*1*WITT*JORAY****MI*R000080137680~NM1*74*1***K~NM1*82*1*MATSUMOTO*NATALIA*A***XX*1427398312~REF*CE*XA~DTM*232*20210606~DTM*233*20210606~DTM*050*20210920~AMT*AU*135.92~SVC*HC:90791:95*180*115.92~CAS*PR*3*20~CAS*CO*45*44.08~REF*6R*001883-4208~AMT*B6*135.92~CLP*942-4422*1*120*84.68*20*HM*21264E0005293*02~NM1*QC*1*SHOOK*KEOLAMAI****MI*R000083516575~NM1*IL*1*SHOOK*KEOLAMAI****MI*R000083516575~NM1*74*1**JODILYNN*N***C*R000080089287~NM1*82*1*LINARES*DAVID****XX*1699008045~REF*CE*XA~DTM*232*20210904~DTM*233*20210904~DTM*050*20210920~AMT*AU*104.68~SVC*HC:90834:95*120*84.68~CAS*PR*3*20~CAS*CO*45*15.32~REF*6R*553942-4422~AMT*B6*104.68~CLP*825-4206*1*120*119.33**HM*21264E0005935*11~NM1*QC*1*ORA*LORNA*A***MI*XLHR000080976459~NM1*IL*1*ORA*LORNA*A***MI*XLHR000080976459~NM1*74*1*FERGUSON*AARON****C*R000080976459~NM1*82*1*PLAYTER*AILEEN*T***XX*1013394097~REF*CE*YQ~DTM*232*20210827~DTM*233*20210827~DTM*050*20210920~AMT*AU*119.33~SVC*HC:90847:95*120*119.33~CAS*CO*45*.67~REF*6R*869825-4206~AMT*B6*119.33~CLP*825-4747*1*150*112.45**HM*21265E0004840*11~NM1*QC*1*ORA*LORNA*A***MI*XLHR000080976459~NM1*IL*1*ORA*LORNA*A***MI*XLHR000080976459~NM1*74*1*FERGUSON*AARON****C*R000080976459~NM1*82*1*PLAYTER*AILEEN*T***XX*1013394097~REF*CE*YQ~DTM*232*20210907~DTM*233*20210907~DTM*050*20210921~AMT*AU*112.45~SVC*HC:90837:95*150*112.45~CAS*CO*45*37.55~REF*6R*335825-4747~AMT*B6*112.45~CLP*1956-4466*1*150*21.48*85.91*12*21264E0004078*11~NM1*QC*1*PARKER*DIANE****MI*XLEH000000731481~NM1*74*1***L***C*H000000731481~NM1*82*1*PLAYTER*AILEEN*T***XX*1013394097~REF*CE*563~DTM*232*20210903~DTM*233*20210903~DTM*050*20210920~AMT*AU*107.39~SVC*HC:90837:95*150*21.48~CAS*PR*45*85.91~CAS*CO*45*42.61~REF*6R*0011956-4466~AMT*B6*107.39~CLP*1956-4664*1*150*21.48*85.91*12*21264E0004843*02~NM1*QC*1*PARKER*DIANE****MI*XLEH000000731481~NM1*74*1***L***C*H000000731481~NM1*82*1*PLAYTER*AILEEN*T***XX*1013394097~REF*CE*563~DTM*232*20210910~DTM*233*20210910~DTM*050*20210920~AMT*AU*107.39~SVC*HC:90837:95*150*21.48~CAS*PR*45*85.91~CAS*CO*45*42.61~REF*6R*7971956-4664~AMT*B6*107.39~CLP*472-4253*1*120*79.98*19.99*12*21264E0004845*02~NM1*QC*1*PEEBLES*BRANDEN*M***MI*XLER000082601907~NM1*82*1*FERREIRA*LORI*M***XX*1811143126~REF*CE*690~DTM*232*20210810~DTM*233*20210810~DTM*050*20210920~AMT*AU*99.97~SVC*HC:90834:95*120*79.98~CAS*PR*2*19.99~CAS*CO*45*20.03~REF*6R*954472-4253~AMT*B6*99.97~CLP*472-4255*1*120*79.98*19.99*12*21264E0005272*02~NM1*QC*1*PEEBLES*BRANDEN*M***MI*XLER000082601907~NM1*82*1*FERREIRA*LORI*M***XX*1811143126~REF*CE*690~DTM*232*20210824~DTM*233*20210824~DTM*050*20210920~AMT*AU*99.97~SVC*HC:90834:95*120*79.98~CAS*PR*2*19.99~CAS*CO*45*20.03~REF*6R*955472-4255~AMT*B6*99.97~CLP*1956-4354*1*180*25.96**12*21264E0005646*11~NM1*QC*1*PARKER*DIANE****MI*XLEH000000731481~NM1*74*1***L***C*H000000731481~NM1*82*1*PLAYTER*AILEEN*T***XX*1013394097~REF*CE*563~DTM*232*20210827~DTM*233*20210827~DTM*050*20210920~AMT*AU*25.96~SVC*HC:90791:95*180*25.96~CAS*CO*45*154.04~REF*6R*3611956-4354~AMT*B6*25.96~CLP*12-98*1*120*0**12*21263E0005928*02~NM1*QC*1*CHINEN*REIDE****MI*XLPR000080984982~NM1*IL*1*CHINEN*JAMIE*L***MI*XLPR000080984982~NM1*74*1******C*R000080984982~NM1*82*1*LINARES*DAVID****XX*1699008045~REF*CE*754~DTM*232*20210402~DTM*233*20210402~DTM*050*20210919~SVC*HC:90834:95*120*0~CAS*OA*18*120~REF*6R*99012-98~LQ*HE*N522~CLP*420-3659*1*150*0**12*21264E0003644*02~NM1*QC*1*NAVARRETTE*REYN****MI*XLPR000083457226~NM1*82*1*MATSUMOTO*NATALIA*A***XX*1427398312~REF*CE*751~DTM*232*20210807~DTM*233*20210807~DTM*050*20210920~SVC*HC:90837:95*150*0~CAS*OA*18*150~REF*6R*646420-3659~LQ*HE*N522~CLP*554-4235*1*120*87.97*12*12*21264E0004076*02~NM1*QC*1*KAWAMOTO*RENEE****MI*R000080509243~NM1*IL*1*KAWAMOTO*RENEE****MI*R000080509243~NM1*74*1**KALEN*M~NM1*82*1*LINARES*DAVID****XX*1699008045~REF*CE*686~DTM*232*20210828~DTM*233*20210828~DTM*050*20210920~AMT*AU*99.97~SVC*HC:90834:95*120*87.97~CAS*PR*3*12~CAS*CO*45*20.03~REF*6R*686554-4235~AMT*B6*99.97~CLP*751-4619*1*120*87.97*12*12*21264E0004144*02~NM1*QC*1*DINHTAI*ONG****MI*XLPR000082575739~NM1*74*1*ONG*DINH TAI*T***C*R000082575739~NM1*82*1*RIBEIRO*MICHELLE*R***XX*1164054391~REF*CE*762~DTM*232*20210911~DTM*233*20210911~DTM*050*20210920~AMT*AU*99.97~SVC*HC:90834:95*120*87.97~CAS*PR*3*12~CAS*CO*45*20.03~REF*6R*719751-4619~AMT*B6*99.97~CLP*710-4409*1*120*87.97*12*12*21264E0004304*02~NM1*QC*1*HANNA*ROXANNE****MI*XLFR000082277062~NM1*82*1*LINARES*DAVID****XX*1699008045~REF*CE*912~DTM*232*20210903~DTM*233*20210903~DTM*050*20210920~AMT*AU*99.97~SVC*HC:90834:95*120*87.97~CAS*PR*3*12~CAS*CO*45*20.03~REF*6R*241710-4409~AMT*B6*99.97~CLP*398-3484*1*150*0**12*21264E0004590*02~NM1*QC*1*MARRIA*JULIE****MI*R000081560393~NM1*IL*1*CHRISTOPHER*CYNTHIA****MI*R000081560393~NM1*74*1***J~NM1*82*1*MATSUMOTO*NATALIA*A***XX*1427398312~REF*CE*819~DTM*232*20210801~DTM*233*20210801~DTM*050*20210920~SVC*HC:90837:95*150*0~CAS*OA*18*150~REF*6R*651398-3484~LQ*HE*N522~CLP*554-127*1*120*0**12*21264E0004612*02~NM1*QC*1*KAWAMOTO*RENEE****MI*R000080509243~NM1*IL*1*KAWAMOTO*RENEE****MI*R000080509243~NM1*74*1**KALEN*M~NM1*82*1*LINARES*DAVID****XX*1699008045~REF*CE*686~DTM*232*20210405~DTM*233*20210405~DTM*050*20210920~SVC*HC:90834:95*120*0~CAS*OA*18*120~REF*6R*641554-127~LQ*HE*N522~CLP*726-4599*1*150*95.39*12*12*21264E0004638*02~NM1*QC*1*MARTIN*SANDRA*SANDI***MI*XLPR000080101728~NM1*74*1***L***C*R000080101728~NM1*82*1*PLAYTER*AILEEN*T***XX*1013394097~REF*CE*754~DTM*232*20210910~DTM*233*20210910~DTM*050*20210920~AMT*AU*107.39~SVC*HC:90837:95*150*95.39~CAS*PR*3*12~CAS*CO*45*42.61~REF*6R*297726-4599~AMT*B6*107.39~CLP*398-4221*1*150*107.39**12*21264E0004668*02~NM1*QC*1*MARRIA*JULIE****MI*R000081560393~NM1*IL*1*CHRISTOPHER*CYNTHIA****MI*R000081560393~NM1*74*1***J~NM1*82*1*MATSUMOTO*NATALIA*A***XX*1427398312~REF*CE*819~DTM*232*20210613~DTM*233*20210613~DTM*050*20210920~AMT*AU*107.39~SVC*HC:90837:95*150*107.39~CAS*CO*45*42.61~REF*6R*636398-4221~AMT*B6*107.39~CLP*734-4512*1*120*87.97*12*12*21264E0004852*02~NM1*QC*1*RIFE*ROBYN****MI*R000083705426~NM1*IL*1*RIFE*ROBYN****MI*R000083705426~NM1*74*1**ROBERT~NM1*82*1*WATERS*LORI*M***XX*1760854152~REF*CE*766~DTM*232*20210907~DTM*233*20210907~DTM*050*20210920~AMT*AU*99.97~SVC*HC:90834:95*120*87.97~CAS*PR*3*12~CAS*CO*45*20.03~REF*6R*056734-4512~AMT*B6*99.97~CLP*2035-4518*1*180*112.8*17*12*21264E0004894*11~NM1*QC*1*MELETIA*JOHN****MI*XLPR000030726152~NM1*74*1***F***C*R000030726152~NM1*82*1*PLAYTER*AILEEN*T***XX*1013394097~REF*CE*845~DTM*232*20210831~DTM*233*20210831~DTM*050*20210920~AMT*AU*129.8~SVC*HC:90791:95*180*112.8~CAS*PR*3*17~CAS*CO*45*50.2~REF*6R*6462035-4518~AMT*B6*129.8~CLP*398-4211*1*150*107.39**12*21264E0005016*02~NM1*QC*1*MARRIA*JULIE****MI*R000081560393~NM1*IL*1*CHRISTOPHER*CYNTHIA****MI*R000081560393~NM1*74*1***J~NM1*82*1*MATSUMOTO*NATALIA*A***XX*1427398312~REF*CE*819~DTM*232*20210606~DTM*233*20210606~DTM*050*20210920~AMT*AU*107.39~SVC*HC:90837:95*150*107.39~CAS*CO*45*42.61~REF*6R*552398-4211~AMT*B6*107.39~CLP*639-4269*1*120*87.97*12*12*21264E0005018*02~NM1*QC*1*CORREA*MICHELE****MI*XLPR000081874406~NM1*74*1***M***C*R000081874406~NM1*82*1*FERREIRA*LORI*M***XX*1811143126~REF*CE*754~DTM*232*20210829~DTM*233*20210829~DTM*050*20210920~AMT*AU*99.97~SVC*HC:90834:95*120*87.97~CAS*PR*3*12~CAS*CO*45*20.03~REF*6R*998639-4269~AMT*B6*99.97~CLP*738-4340*1*150*95.39*12*12*21264E0005126*02~NM1*QC*1*LOPEZ*SHASTY****MI*R000084315951~NM1*82*1*WATERS*LORI*M***XX*1760854152~REF*CE*662~DTM*232*20210818~DTM*233*20210818~DTM*050*20210920~AMT*AU*107.39~SVC*HC:90837:95*150*95.39~CAS*PR*3*12~CAS*CO*45*42.61~REF*6R*186738-4340~AMT*B6*107.39~CLP*738-4338*1*150*95.39*12*12*21264E0005233*11~NM1*QC*1*LOPEZ*SHASTY****MI*R000084315951~NM1*82*1*WATERS*LORI*M***XX*1760854152~REF*CE*662~DTM*232*20210804~DTM*233*20210804~DTM*050*20210920~AMT*AU*107.39~SVC*HC:90837:95*150*95.39~CAS*PR*3*12~CAS*CO*45*42.61~REF*6R*236738-4338~AMT*B6*107.39~CLP*639-4265*1*120*87.97*12*12*21264E0005318*02~NM1*QC*1*CORREA*MICHELE****MI*XLPR000081874406~NM1*74*1***M***C*R000081874406~NM1*82*1*FERREIRA*LORI*M***XX*1811143126~REF*CE*754~DTM*232*20210810~DTM*233*20210810~DTM*050*20210920~AMT*AU*99.97~SVC*HC:90834:95*120*87.97~CAS*PR*3*12~CAS*CO*45*20.03~REF*6R*996639-4265~AMT*B6*99.97~CLP*2035-4520*1*120*96.96*17*12*21264E0005384*11~NM1*QC*1*MELETIA*JOHN****MI*XLPR000030726152~NM1*74*1***F***C*R000030726152~NM1*82*1*PLAYTER*AILEEN*T***XX*1013394097~REF*CE*845~DTM*232*20210907~DTM*233*20210907~DTM*050*20210920~AMT*AU*113.96~SVC*HC:90847:95*120*96.96~CAS*PR*3*17~CAS*CO*45*6.04~REF*6R*6472035-4520~AMT*B6*113.96~CLP*634-4563*1*120*87.97*12*12*21264E0005405*11~NM1*QC*1*DWIGHT*TODD****MI*XLPR000019910165~NM1*74*1***P***C*R000019910165~NM1*82*1*FERREIRA*LORI*M***XX*1811143126~REF*CE*762~DTM*232*20210825~DTM*233*20210825~DTM*050*20210920~AMT*AU*99.97~SVC*HC:90834:95*120*87.97~CAS*PR*3*12~CAS*CO*45*20.03~REF*6R*306634-4563~AMT*B6*99.97~CLP*398-4632*1*150*107.39**12*21264E0005420*02~NM1*QC*1*MARRIA*JULIE****MI*R000081560393~NM1*IL*1*CHRISTOPHER*CYNTHIA****MI*R000081560393~NM1*74*1***J~NM1*82*1*MATSUMOTO*NATALIA*A***XX*1427398312~REF*CE*819~DTM*232*20210821~DTM*233*20210821~DTM*050*20210920~AMT*AU*107.39~SVC*HC:90837:95*150*107.39~CAS*CO*45*42.61~REF*6R*624398-4632~AMT*B6*107.39~CLP*942-3948*2*120*0**12*21264E0005488*02~NM1*QC*1*SHOOK*KEOLAMAI****MI*R000080089287~NM1*IL*1*JODI-LYNN*KEOLAMAI****MI*R000080089287~NM1*74*1*SHOOK*KEOLAMAI IKAIKA*K***C*R000083516575~NM1*82*1*LINARES*DAVID****XX*1699008045~REF*CE*724~DTM*232*20210821~DTM*233*20210821~DTM*050*20210920~SVC*HC:90834:95*120*0~CAS*OA*18*120~REF*6R*712942-3948~LQ*HE*N522~CLP*942-3800*2*120*0**12*21264E0005570*02~NM1*QC*1*SHOOK*KEOLAMAI****MI*R000080089287~NM1*IL*1*JODI-LYNN*KEOLAMAI****MI*R000080089287~NM1*74*1*SHOOK*KEOLAMAI IKAIKA*K***C*R000083516575~NM1*82*1*LINARES*DAVID****XX*1699008045~REF*CE*724~DTM*232*20210814~DTM*233*20210814~DTM*050*20210920~SVC*HC:90834:95*120*0~CAS*OA*18*120~REF*6R*710942-3800~LQ*HE*N522~CLP*726-4596*1*150*95.39*12*12*21264E0005606*02~NM1*QC*1*MARTIN*SANDRA*SANDI***MI*XLPR000080101728~NM1*74*1***L***C*R000080101728~NM1*82*1*PLAYTER*AILEEN*T***XX*1013394097~REF*CE*754~DTM*232*20210903~DTM*233*20210903~DTM*050*20210920~AMT*AU*107.39~SVC*HC:90837:95*150*95.39~CAS*PR*3*12~CAS*CO*45*42.61~REF*6R*296726-4596~AMT*B6*107.39~CLP*639-4267*1*120*87.97*12*12*21264E0005644*02~NM1*QC*1*CORREA*MICHELE****MI*XLPR000081874406~NM1*74*1***M***C*R000081874406~NM1*82*1*FERREIRA*LORI*M***XX*1811143126~REF*CE*754~DTM*232*20210817~DTM*233*20210817~DTM*050*20210920~AMT*AU*99.97~SVC*HC:90834:95*120*87.97~CAS*PR*3*12~CAS*CO*45*20.03~REF*6R*997639-4267~AMT*B6*99.97~CLP*738-4516*1*120*87.97*12*12*21264E0005806*02~NM1*QC*1*LOPEZ*SHASTY****MI*R000084315951~NM1*82*1*WATERS*LORI*M***XX*1760854152~REF*CE*662~DTM*232*20210901~DTM*233*20210901~DTM*050*20210920~AMT*AU*99.97~SVC*HC:90834:95*120*87.97~CAS*PR*3*12~CAS*CO*45*20.03~REF*6R*971738-4516~AMT*B6*99.97~CLP*747-4717*1*120*87.97*12*12*21264E0005845*02~NM1*QC*1*KIRK*JONATHAN****MI*XLPR000080356330~NM1*IL*1*KRIK*AARON****MI*XLPR000080356330~NM1*74*1*STEITZ*MICHELLE*M***C*R000082708413~NM1*82*1*WATERS*LORI*M***XX*1760854152~REF*CE*828~DTM*232*20210915~DTM*233*20210915~DTM*050*20210920~AMT*AU*99.97~SVC*HC:90834:95*120*87.97~CAS*PR*3*12~CAS*CO*45*20.03~REF*6R*981747-4717~AMT*B6*99.97~CLP*420-4227*1*150*95.39*12*12*21264E0005954*02~NM1*QC*1*NAVARRETTE*REYN****MI*XLPR000083457226~NM1*82*1*MATSUMOTO*NATALIA*A***XX*1427398312~REF*CE*751~DTM*232*20210620~DTM*233*20210620~DTM*050*20210920~AMT*AU*107.39~SVC*HC:90837:95*150*95.39~CAS*PR*3*12~CAS*CO*45*42.61~REF*6R*902420-4227~AMT*B6*107.39~CLP*734-4336*1*120*87.97*12*12*21264E0006038*02~NM1*QC*1*RIFE*ROBYN****MI*R000083705426~NM1*IL*1*RIFE*ROBYN****MI*R000083705426~NM1*74*1**ROBERT~NM1*82*1*WATERS*LORI*M***XX*1760854152~REF*CE*766~DTM*232*20210831~DTM*233*20210831~DTM*050*20210920~AMT*AU*99.97~SVC*HC:90834:95*120*87.97~CAS*PR*3*12~CAS*CO*45*20.03~REF*6R*185734-4336~AMT*B6*99.97~CLP*747-4514*1*120*87.97*12*12*21264E0006791*02~NM1*QC*1*KIRK*JONATHAN****MI*XLPR000080356330~NM1*IL*1*KRIK*AARON****MI*XLPR000080356330~NM1*74*1*STEITZ*MICHELLE*M***C*R000082708413~NM1*82*1*WATERS*LORI*M***XX*1760854152~REF*CE*828~DTM*232*20210901~DTM*233*20210901~DTM*050*20210920~AMT*AU*99.97~SVC*HC:90834:95*120*87.97~CAS*PR*3*12~CAS*CO*45*20.03~REF*6R*966747-4514~AMT*B6*99.97~CLP*398-2593*1*150*107.39**12*21264E0006885*02~NM1*QC*1*MARRIA*JULIE****MI*R000081560393~NM1*IL*1*CHRISTOPHER*CYNTHIA****MI*R000081560393~NM1*74*1***J~NM1*82*1*MATSUMOTO*NATALIA*A***XX*1427398312~REF*CE*819~DTM*232*20210703~DTM*233*20210703~DTM*050*20210920~AMT*AU*107.39~SVC*HC:90837:95*150*107.39~CAS*CO*45*42.61~REF*6R*128398-2593~AMT*B6*107.39~CLP*942-4233*19*120*84.97*15*12*21264E0007358*02~NM1*QC*1*SHOOK*KEOLAMAI****MI*R000083516575~NM1*74*1**KEOLAMAI IKAIKA*K~NM1*82*1*LINARES*DAVID****XX*1699008045~NM1*TT*2*HAWAII MEDICAL SERVICE ASSOCIATION*****NI*49948~REF*CE*724~DTM*232*20210828~DTM*233*20210828~DTM*050*20210920~AMT*AU*99.97~SVC*HC:90834:95*120*84.97~CAS*PR*3*15~CAS*CO*45*20.03~REF*6R*685942-4233~AMT*B6*99.97~CLP*420-2797*1*150*95.39*12*12*21265E0004861*02~NM1*QC*1*NAVARRETTE*REYN****MI*XLPR000083457226~NM1*82*1*MATSUMOTO*NATALIA*A***XX*1427398312~REF*CE*751~DTM*232*20210710~DTM*233*20210710~DTM*050*20210921~AMT*AU*107.39~SVC*HC:90837:95*150*95.39~CAS*PR*3*12~CAS*CO*45*42.61~REF*6R*260420-2797~AMT*B6*107.39~CLP*398-4630*1*150*107.39**12*21265E0004958*02~NM1*QC*1*MARRIA*JULIE****MI*R000081560393~NM1*IL*1*CHRISTOPHER*CYNTHIA****MI*R000081560393~NM1*74*1***J~NM1*82*1*MATSUMOTO*NATALIA*A***XX*1427398312~REF*CE*819~DTM*232*20210815~DTM*233*20210815~DTM*050*20210921~AMT*AU*107.39~SVC*HC:90837:95*150*107.39~CAS*CO*45*42.61~REF*6R*655398-4630~AMT*B6*107.39~CLP*734-2914*1*120*87.97*12*12*21265E0005094*02~NM1*QC*1*RIFE*ROBYN****MI*R000083705426~NM1*IL*1*RIFE*ROBYN****MI*R000083705426~NM1*74*1**ROBERT~NM1*82*1*WATERS*LORI*M***XX*1760854152~REF*CE*766~DTM*232*20210713~DTM*233*20210713~DTM*050*20210921~AMT*AU*99.97~SVC*HC:90834:95*120*87.97~CAS*PR*3*12~CAS*CO*45*20.03~REF*6R*302734-2914~AMT*B6*99.97~CLP*398-4459*1*150*107.39**12*21265E0005722*02~NM1*QC*1*MARRIA*JULIE****MI*R000081560393~NM1*IL*1*CHRISTOPHER*CYNTHIA****MI*R000081560393~NM1*74*1***J~NM1*82*1*MATSUMOTO*NATALIA*A***XX*1427398312~REF*CE*819~DTM*232*20210725~DTM*233*20210725~DTM*050*20210921~AMT*AU*107.39~SVC*HC:90837:95*150*107.39~CAS*CO*45*42.61~REF*6R*257398-4459~AMT*B6*107.39~CLP*2039-4926*1*120*89.97*10*12*21265E0005816*02~NM1*QC*1*MEDEIROS*ALVITA****MI*R000070433982~NM1*IL*1*MEDEIROS*REUBEN*K***MI*R000070433982~NM1*82*1*LINARES*DAVID****XX*1699008045~REF*CE*532~DTM*232*20210920~DTM*233*20210920~DTM*050*20210921~AMT*AU*99.97~SVC*HC:90834:95*120*89.97~CAS*PR*2*10~CAS*CO*45*20.03~REF*6R*2262039-4926~AMT*B6*99.97~CLP*2038-4321*1*180*117.8*12*12*21265E0006155*02~NM1*QC*1*MAGALLANES*DUANE****MI*XLPR000080101728~NM1*IL*1*MARTIN*SANDRA****MI*XLPR000080101728~NM1*74*1***L***C*R000080101728~NM1*82*1*PLAYTER*AILEEN*T***XX*1013394097~REF*CE*754~DTM*232*20210831~DTM*233*20210831~DTM*050*20210921~AMT*AU*129.8~SVC*HC:90791:95*180*117.8~CAS*PR*3*12~CAS*CO*45*50.2~REF*6R*814170867L904326746~AMT*B6*129.8~CLP*2038-4494*1*150*95.39*12*12*21265E0006671*11~NM1*QC*1*MAGALLANES*DUANE****MI*XLPR000080101728~NM1*IL*1*MARTIN*SANDRA****MI*XLPR000080101728~NM1*74*1***L***C*R000080101728~NM1*82*1*PLAYTER*AILEEN*T***XX*1013394097~REF*CE*754~DTM*232*20210907~DTM*233*20210907~DTM*050*20210921~AMT*AU*107.39~SVC*HC:90837*150*95.39~CAS*PR*3*12~CAS*CO*45*42.61~REF*6R*814170887L904326797~AMT*B6*107.39~CLP*734-2653*1*120*87.97*12*12*21265E0007054*02~NM1*QC*1*RIFE*ROBYN****MI*R000083705426~NM1*IL*1*RIFE*ROBYN****MI*R000083705426~NM1*74*1**ROBERT~NM1*82*1*WATERS*LORI*M***XX*1760854152~REF*CE*766~DTM*232*20210706~DTM*233*20210706~DTM*050*20210921~AMT*AU*99.97~SVC*HC:90834:95*120*87.97~CAS*PR*3*12~CAS*CO*45*20.03~REF*6R*301734-2653~AMT*B6*99.97~CLP*2038-4696*1*150*95.39*12*12*21265E0007144*02~NM1*QC*1*MAGALLANES*DUANE****MI*XLPR000080101728~NM1*IL*1*MARTIN*SANDRA****MI*XLPR000080101728~NM1*74*1***L***C*R000080101728~NM1*82*1*PLAYTER*AILEEN*T***XX*1013394097~REF*CE*754~DTM*232*20210914~DTM*233*20210914~DTM*050*20210921~AMT*AU*107.39~SVC*HC:90837:95*150*95.39~CAS*PR*3*12~CAS*CO*45*42.61~REF*6R*814170891L904326801~AMT*B6*107.39~CLP*2038-4969*1*120*101.96*12*12*21266E0005338*02~NM1*QC*1*MAGALLANES*DUANE****MI*XLPR000080101728~NM1*IL*1*MARTIN*SANDRA****MI*XLPR000080101728~NM1*74*1***L***C*R000080101728~NM1*82*1*PLAYTER*AILEEN*T***XX*1013394097~REF*CE*754~DTM*232*20210921~DTM*233*20210921~DTM*050*20210922~AMT*AU*113.96~SVC*HC:90847:95*120*101.96~CAS*PR*3*12~CAS*CO*45*6.04~REF*6R*8082038-4969~AMT*B6*113.96~CLP*632-4139*1*120*0*120*12*21264E0004115*02~NM1*QC*1*CORPUZ*JEANELL****MI*R000083481317~NM1*82*1*FERREIRA*LORI*M***XX*1811143126~DTM*232*20210328~DTM*233*20210328~DTM*036*20210121~DTM*050*20210920~SVC*HC:90834:95*120*0~CAS*PR*31*120~REF*6R*606632-4139~CLP*632-4138*1*120*0*120*12*21264E0004652*02~NM1*QC*1*CORPUZ*JEANELL****MI*R000083481317~NM1*82*1*FERREIRA*LORI*M***XX*1811143126~DTM*232*20210412~DTM*233*20210412~DTM*036*20210121~DTM*050*20210920~SVC*HC:90834:95*120*0~CAS*PR*31*120~REF*6R*604632-4138~CLP*632-4137*1*120*0*120*12*21264E0005727*02~NM1*QC*1*CORPUZ*JEANELL****MI*R000083481317~NM1*82*1*FERREIRA*LORI*M***XX*1811143126~DTM*232*20210426~DTM*233*20210426~DTM*036*20210121~DTM*050*20210920~SVC*HC:90834:95*120*0~CAS*PR*31*120~REF*6R*603632-4137~CLP*720-4117*1*120*99.97**12*21264E0004297*02~NM1*QC*1*NATALIE*OWENS****MI*XLAR000030570758~NM1*IL*1*NATALIE*OWENS****MI*XLAR000030570758~NM1*74*1*OWENS*LAMONT****C*R000030570758~NM1*82*1*PLAYTER*AILEEN*T***XX*1013394097~REF*CE*898~DTM*232*20210820~DTM*233*20210820~DTM*050*20210920~AMT*AU*99.97~SVC*HC:90834:95*120*99.97~CAS*CO*45*20.03~REF*6R*543720-4117~AMT*B6*99.97~CLP*720-3793*1*150*107.39**12*21264E0004938*02~NM1*QC*1*NATALIE*OWENS****MI*XLAR000030570758~NM1*IL*1*NATALIE*OWENS****MI*XLAR000030570758~NM1*74*1*OWENS*LAMONT****C*R000030570758~NM1*82*1*PLAYTER*AILEEN*T***XX*1013394097~REF*CE*898~DTM*232*20210813~DTM*233*20210813~DTM*050*20210920~AMT*AU*107.39~SVC*HC:90837:95*150*107.39~CAS*CO*45*42.61~REF*6R*539720-3793~AMT*B6*107.39~CLP*720-4334*1*120*99.97**12*21264E0005387*02~NM1*QC*1*NATALIE*OWENS****MI*XLAR000030570758~NM1*IL*1*NATALIE*OWENS****MI*XLAR000030570758~NM1*74*1*OWENS*LAMONT****C*R000030570758~NM1*82*1*PLAYTER*AILEEN*T***XX*1013394097~REF*CE*898~DTM*232*20210831~DTM*233*20210831~DTM*050*20210920~AMT*AU*99.97~SVC*HC:90834:95*120*99.97~CAS*CO*45*20.03~REF*6R*360720-4334~AMT*B6*99.97~CLP*720-4115*1*120*0**12*21264E0006020*11~NM1*QC*1*NATALIE*OWENS****MI*XLAR000030570758~NM1*IL*1*NATALIE*OWENS****MI*XLAR000030570758~NM1*74*1*OWENS*LAMONT****C*R000030570758~NM1*82*1*PLAYTER*AILEEN*T***XX*1013394097~REF*CE*898~DTM*232*20210817~DTM*233*20210817~DTM*050*20210920~SVC*HC:90834:95*120*0~CAS*CO*234*120~REF*6R*542720-4115~LQ*HE*M15~CLP*720-4958*1*150*107.39**12*21265E0005943*02~NM1*QC*1*NATALIE*OWENS****MI*XLAR000030570758~NM1*IL*1*NATALIE*OWENS****MI*XLAR000030570758~NM1*74*1*OWENS*LAMONT****C*R000030570758~NM1*82*1*PLAYTER*AILEEN*T***XX*1013394097~REF*CE*898~DTM*232*20210920~DTM*233*20210920~DTM*050*20210921~AMT*AU*107.39~SVC*HC:90837:95*150*107.39~CAS*CO*45*42.61~REF*6R*225720-4958~AMT*B6*107.39~SE*809*0001~ST*835*0002~BPR*I*1536.25*C*ACH*CCP*01*121301015*DA*01031503*1990040115**01*321370765*DA*81020-75433*20210928~TRN*1*1138449*1990040115~REF*F2*5.40~DTM*405*20210922~N1*PR*HAWAII MEDICAL SERVICE ASSOCIATION~N3*818 KEEAUMOKU ST~N4*HONOLULU*HI*96814~PER*BL*ETS*TE*8089486355~N1*PE*SERENITY COUNSELING SERVIC*XX*1588011043~REF*TJ*812344400~LX*1~CLP*384-4217*1*150*112.45**HM*21264E0003984*02~NM1*QC*1*EXZABE*ALTON****MI*HFPF000029961356~NM1*IL*1*EXZABE*ALTON****MI*HFPF000029961356~NM1*74*1*ANTONE*CARLY*R***C*F000029961356~NM1*82*1*MATSUMOTO*NATALIA*A***XX*1427398312~REF*CE*087~DTM*232*20210613~DTM*233*20210613~DTM*050*20210920~AMT*AU*112.45~SVC*HC:90837:95*150*112.45~CAS*CO*45*37.55~REF*6R*568384-4217~AMT*B6*112.45~CLP*745-2590*1*150*112.45**HM*21264E0004906*02~NM1*QC*1*LEE*CRISLE****MI*F000030594360~NM1*IL*1*LEE*CRISLE****MI*F000030594360~NM1*74*1**DARRIN*S~NM1*82*1*MATSUMOTO*NATALIA*A***XX*1427398312~REF*CE*087~DTM*232*20210703~DTM*233*20210703~DTM*050*20210920~AMT*AU*112.45~SVC*HC:90837:95*150*112.45~CAS*CO*45*37.55~REF*6R*320745-2590~AMT*B6*112.45~CLP*943-4661*1*120*104.68**HM*21264E0004985*02~NM1*QC*1*KRUSE*MARIA****MI*HFPF000030963524~NM1*IL*1*KRUSE*KEVIN*I***MI*HFPF000030963524~NM1*74*1******C*F000030963524~NM1*82*1*PLAYTER*AILEEN*T***XX*1013394097~REF*CE*087~DTM*232*20210913~DTM*233*20210913~DTM*050*20210920~AMT*AU*104.68~SVC*HC:90834:95*120*104.68~CAS*CO*45*15.32~REF*6R*795943-4661~AMT*B6*104.68~CLP*753-2592*1*150*112.45**HM*21264E0005108*02~NM1*QC*1*DRAGNA*MIKELLA****MI*HFPF000026496935~NM1*IL*1*DRAGNA*MIKELLA****MI*HFPF000026496935~NM1*74*1**GINGER*L***C*F000026496935~NM1*82*1*MATSUMOTO*NATALIA*A***XX*1427398312~REF*CE*087~DTM*232*20210703~DTM*233*20210703~DTM*050*20210920~AMT*AU*112.45~SVC*HC:90837:95*150*112.45~CAS*CO*45*37.55~REF*6R*321753-2592~AMT*B6*112.45~CLP*753-4643*1*150*112.45**HM*21264E0005195*02~NM1*QC*1*DRAGNA*MIKELLA****MI*HFPF000026496935~NM1*IL*1*DRAGNA*MIKELLA****MI*HFPF000026496935~NM1*74*1**GINGER*L***C*F000026496935~NM1*82*1*MATSUMOTO*NATALIA*A***XX*1427398312~REF*CE*087~DTM*232*20210828~DTM*233*20210828~DTM*050*20210920~AMT*AU*112.45~SVC*HC:90837:95*150*112.45~CAS*CO*45*37.55~REF*6R*292753-4643~AMT*B6*112.45~CLP*745-4215*1*150*112.45**HM*21264E0005313*02~NM1*QC*1*LEE*CRISLE****MI*F000030594360~NM1*IL*1*LEE*CRISLE****MI*F000030594360~NM1*74*1**DARRIN*S~NM1*82*1*MATSUMOTO*NATALIA*A***XX*1427398312~REF*CE*087~DTM*232*20210612~DTM*233*20210612~DTM*050*20210920~AMT*AU*112.45~SVC*HC:90837:95*150*112.45~CAS*CO*45*37.55~REF*6R*567745-4215~AMT*B6*112.45~CLP*922-4175*1*120*97.71**HM*21264E0005434*02~NM1*QC*1*GALIZA*ELVEN****MI*HFPF000307386391~NM1*74*1**ELDEN*E***C*F000307386391~NM1*82*1*LINARES*DAVID****XX*1699008045~REF*CE*087~DTM*232*20210827~DTM*233*20210827~DTM*050*20210920~AMT*AU*97.71~SVC*HC:90846:95*120*97.71~CAS*CO*45*22.29~REF*6R*551922-4175~AMT*B6*97.71~CLP*745-2801*1*150*112.45**HM*21264E0005460*02~NM1*QC*1*LEE*CRISLE****MI*F000030594360~NM1*IL*1*LEE*CRISLE****MI*F000030594360~NM1*74*1**DARRIN*S~NM1*82*1*MATSUMOTO*NATALIA*A***XX*1427398312~REF*CE*087~DTM*232*20210710~DTM*233*20210710~DTM*050*20210920~AMT*AU*112.45~SVC*HC:90837:95*150*112.45~CAS*CO*45*37.55~REF*6R*323745-2801~AMT*B6*112.45~CLP*731-4313*1*150*112.45**HM*21264E0005778*02~NM1*QC*1*CARINIO*JASON****MI*HFPF000025476797~NM1*74*1***R***C*F000025476797~NM1*82*1*PLAYTER*AILEEN*T***XX*1013394097~REF*CE*087~DTM*232*20210830~DTM*233*20210830~DTM*050*20210920~AMT*AU*112.45~SVC*HC:90837:95*150*112.45~CAS*CO*45*37.55~REF*6R*207731-4313~AMT*B6*112.45~CLP*922-4397*1*120*104.68**HM*21264E0005779*02~NM1*QC*1*GALIZA*ELVEN****MI*HFPF000307386391~NM1*74*1**ELDEN*E***C*F000307386391~NM1*82*1*LINARES*DAVID****XX*1699008045~REF*CE*087~DTM*232*20210903~DTM*233*20210903~DTM*050*20210920~AMT*AU*104.68~SVC*HC:90834:95*120*104.68~CAS*CO*45*15.32~REF*6R*123922-4397~AMT*B6*104.68~CLP*753-2144*1*150*112.45**HM*21264E0005813*02~NM1*QC*1*DRAGNA*MIKELLA****MI*HFPF000026496935~NM1*IL*1*DRAGNA*MIKELLA****MI*HFPF000026496935~NM1*74*1**GINGER*L***C*F000026496935~NM1*82*1*MATSUMOTO*NATALIA*A***XX*1427398312~REF*CE*087~DTM*232*20210619~DTM*233*20210619~DTM*050*20210920~AMT*AU*112.45~SVC*HC:90837:95*150*112.45~CAS*CO*45*37.55~REF*6R*000753-2144~AMT*B6*112.45~CLP*745-4645*1*150*112.45**HM*21264E0005881*02~NM1*QC*1*LEE*CRISLE****MI*F000030594360~NM1*IL*1*LEE*CRISLE****MI*F000030594360~NM1*74*1**DARRIN*S~NM1*82*1*MATSUMOTO*NATALIA*A***XX*1427398312~REF*CE*087~DTM*232*20210828~DTM*233*20210828~DTM*050*20210920~AMT*AU*112.45~SVC*HC:90837:95*150*112.45~CAS*CO*45*37.55~REF*6R*293745-4645~AMT*B6*112.45~CLP*753-4709*1*150*0**HM*21265E0005298*02~NM1*QC*1*DRAGNA*MIKELLA****MI*HFPF000026496935~NM1*IL*1*DRAGNA*MIKELLA****MI*HFPF000026496935~NM1*74*1**GINGER*L***C*F000026496935~NM1*82*1*MATSUMOTO*NATALIA*A***XX*1427398312~REF*CE*087~DTM*232*20210703~DTM*233*20210703~DTM*050*20210921~SVC*HC:90837:95*150*0~CAS*OA*18*150~REF*6R*653753-4709~LQ*HE*N522~CLP*753-2830*1*150*112.45**HM*21265E0005705*02~NM1*QC*1*DRAGNA*MIKELLA****MI*HFPF000026496935~NM1*IL*1*DRAGNA*MIKELLA****MI*HFPF000026496935~NM1*74*1**GINGER*L***C*F000026496935~NM1*82*1*MATSUMOTO*NATALIA*A***XX*1427398312~REF*CE*087~DTM*232*20210711~DTM*233*20210711~DTM*050*20210921~AMT*AU*112.45~SVC*HC:90837:95*150*112.45~CAS*CO*45*37.55~REF*6R*320753-2830~AMT*B6*112.45~CLP*712-4140*1*120*104.68**HM*21265E0005828*02~NM1*QC*1*ZOLLINGER-ABEYTA*LYRIC****MI*HFPF000030120083~NM1*IL*1*ZOLLINGER*CHRISTOPHER****MI*HFPF000030120083~NM1*74*1*ZOLLINGER ABEYTA*CHRISTOPHE*J***C*F000030120083~NM1*82*1*FERREIRA*LORI*M***XX*1811143126~REF*CE*087~DTM*232*20210424~DTM*233*20210424~DTM*050*20210921~AMT*AU*104.68~SVC*HC:90834:95*120*104.68~CAS*CO*45*15.32~REF*6R*650712-4140~AMT*B6*104.68~SE*219*0002~GE*2*875991078~IEA*1*875991078~