ISA*00*          *00*          *ZZ*330897513      *ZZ*MEDBOSSC       *210817*0738*^*00501*862204952*0*P*:~GS*HP*330897513*MEDBOSSC*20210817*0738*862204952*X*005010X221A1~ST*835*0001~BPR*I*82.25*C*ACH*CTX*01*121301028*DA*0085442686*UNIVHEALTH**01*321370765*DA*8102075433*20210813~TRN*1*3272836*1990263440~REF*F2*5.40~N1*PR*UNIVERSITY HEALTH ALLIANCE~N3*700 BISHOP STREET SUITE 300~N4*HONOLULU*HI*96813~PER*CX*HOWARD LEE*TE*8085324000~PER*BL*HOWARD LEE*TE*8085324000~N1*PE*SERENITY COUNSELING SERVICES HAWAII, LLC*XX*1588011043~N3*94-1261 LUMIKULA ST, # 3U~N4*WAIPAHU*HI*96797~REF*TJ*812344400~REF*PQ*812344400~LX*1~CLP*570-3535*1*120*82.25**16*2121631779*02~NM1*QC*1*BAIRD*JACOB****MI*808707701-01~NM1*82*1*LINARES*DAVID****XX*1699008045~DTM*232*20210802~DTM*233*20210802~DTM*050*20210804~AMT*AU*82.25~SVC*HC:90834:95*120*82.25**2~CAS*CO*45*37.75~REF*6R*255570-3535~AMT*B6*82.25~SE*27*0001~GE*1*862204952~IEA*1*862204952~