ISA*00*          *00*          *ZZ*330897513      *ZZ*MEDBOSSC       *211019*0706*^*00501*882983499*0*P*:~GS*HP*330897513*MEDBOSSC*20211019*0706*882983499*X*005010X221A1~ST*835*0001~BPR*H*0*C*NON************20211018~TRN*1*R88011018003926*1571132733*000000000~REF*EV*7GW0013CA3~REF*F2*1588011043    R88011018003926~DTM*405*20211018~N1*PR*PGBA,LLC~N3*TRICARE WEST REGION CLAIMS*P.O. BOX 202112~N4*FLORENCE*SC*295022112~PER*CX*TRICARE WEST REGION CLAIMS CORRESPONDENCE*TE*8448669378~PER*BL*TRICARE ELECTRONIC CLAIMS SERVICE CENTER*TE*8003255920~N1*PE*SERENITY COUNSELING SERVICES*XX*1588011043~N3*201*99-149 MOANALUA RD~N4*AIEA*HI*96701~REF*TJ*812344400~LX*1~CLP*2566586449*1*90*0*90*CH*H288X2DQ60000*02*1~NM1*QC*1*KIMURA*TIANA****HN*2566586449~NM1*IL*1*KIMURA*TIANA****MI*586948502~DTM*050*20211015~SVC*HC:90832:95*90*0~DTM*472*20210404~CAS*PR*31*90~REF*6R*5842566586449~LQ*HE*MA61~LX*2~CLP*2566586450*1*365*0**CH*H288X2DQ70000*02*1~NM1*QC*1*QUIAMBAO*NOAH*L***HN*2566586450~NM1*IL*1*LAZATIN*MARILEN*H***MI*604230611~NM1*82*1*WATERS*LORI*M***XX*1760854152~REF*1H*524943302~DTM*050*20211015~SVC*HC:90791:95*190*0~DTM*472*20210326~CAS*CO*18*190~REF*6R*5862566586450~LQ*HE*N522~SVC*HC:90837:95*175*0~DTM*472*20210402~CAS*CO*18*175~REF*6R*5852566586450~LQ*HE*N522~SE*43*0001~ST*835*0002~BPR*I*117.6*C*ACH*CCP*01*043301627*DA*1082049135*1571132733*000000000*01*321370765*DA*8102075433*20211020~TRN*1*5021293287TA2*1571132733*000000000~REF*EV*7GW0013CA3~REF*F2*1588011043    R88011014006164~DTM*405*20211014~N1*PR*PGBA,LLC~N3*TRICARE WEST REGION CLAIMS*P.O. BOX 202112~N4*FLORENCE*SC*295022112~PER*CX*TRICARE WEST REGION CLAIMS CORRESPONDENCE*TE*8448669378~PER*BL*TRICARE ELECTRONIC CLAIMS SERVICE CENTER*TE*8003255920~N1*PE*SERENITY COUNSELING SERVICES*XX*1588011043~N3*201*99-149 MOANALUA RD~N4*AIEA*HI*96701~REF*TJ*812344400~LX*1~CLP*595-5342*1*150*117.6**CH*H285X154W0000*11*1~NM1*QC*1*KOTICH*MICHAEL*A***HN*595-5342~NM1*82*1*PLAYTER*AILEEN*T***XX*1013394097~REF*1H*575843780~DTM*050*20211012~AMT*AU*117.6~SVC*HC:90837:95*150*117.6~DTM*472*20211005~CAS*CO*45*32.4~REF*6R*066595-5342~AMT*B6*117.6~SE*28*0002~GE*2*882983499~IEA*1*882983499~