ISA*00*          *00*          *ZZ*330897513      *ZZ*MEDBOSSC       *211111*0710*^*00501*891282471*0*P*:~GS*HP*330897513*MEDBOSSC*20211111*0710*891282471*X*005010X221A1~ST*835*0001~BPR*I*139.13*C*ACH*CCP*01*043301627*DA*1077670664*1571132733*000000000*01*321370765*DA*8102075433*20211115~TRN*1*5086420313TR2*1571132733*000000000~REF*EV*7GW0013CA3~REF*F2*1588011043    R88011109008702~DTM*405*20211109~N1*PR*PGBA,LLC~N3*TRICARE WEST REGION CLAIMS*P.O. BOX 202112~N4*FLORENCE*SC*295022112~PER*CX*TRICARE WEST REGION CLAIMS CORRESPONDENCE*TE*8448669378~PER*BL*TRICARE ELECTRONIC CLAIMS SERVICE CENTER*TE*8003255920~N1*PE*SERENITY COUNSELING SERVICES*XX*1588011043~N3*201*99-149 MOANALUA RD~N4*AIEA*HI*96701~REF*TJ*812344400~LX*1~CLP*556-6135*1*120*0*120*CH*H312X0PM50000*02*1~NM1*QC*1*ATKINS*SOHPIE****HN*556-6135~NM1*IL*1*ATKINS*SOHPIE****MI*01282254802~DTM*050*20211108~SVC*HC:90834:95*120*0~DTM*472*20211105~CAS*PR*16*120~REF*6R*527556-6135~LQ*HE*N382~LX*2~CLP*626-6160*1*120*35.17*35.17*CH*H312X0PM80000*02*1~NM1*QC*1*SWINT*CRYSTAL*I***HN*626-6160~NM1*IL*1*SWINT*ALEXANDER*D***MI*245713148~DTM*050*20211108~AMT*AU*70.34~SVC*HC:90834:95*120*35.17~DTM*472*20211105~CAS*CO*242*49.66~CAS*PR*2*35.17~REF*6R*428626-6160~AMT*B6*70.34~LQ*HE*N212~LX*3~CLP*724-6313*1*150*51.98*51.98*CH*H312X1X9Z0000*02*1~NM1*QC*1*MARSI*KATE*D***HN*724-6313~NM1*IL*1*MARSI*RYAN*E***MI*624489057~NM1*82*1*PLAYTER*AILEEN*T***XX*1013394097~REF*1H*575843780~DTM*050*20211108~AMT*AU*103.96~SVC*HC:90837:95*150*51.98~DTM*472*20211029~CAS*CO*242*46.04~CAS*PR*2*51.98~REF*6R*755724-6313~AMT*B6*103.96~LQ*HE*N212~LX*4~CLP*881-6307*1*150*51.98*51.98*CH*H312X3H490000*02*1~NM1*QC*1*MATERIALE*KATELYN*N***HN*881-6307~NM1*IL*1*MATERIALE*GERARD*A***MI*219478387~NM1*82*1*PLAYTER*AILEEN*T***XX*1013394097~REF*1H*575843780~DTM*050*20211108~AMT*AU*103.96~SVC*HC:90837:95*150*51.98~DTM*472*20211102~CAS*CO*242*46.04~CAS*PR*2*51.98~REF*6R*710881-6307~AMT*B6*103.96~LQ*HE*N212~SE*69*0001~GE*1*891282471~IEA*1*891282471~