ISA*00*          *00*          *ZZ*330897513      *ZZ*MEDBOSSC       *211029*0852*^*00501*886867429*0*P*:~GS*HP*330897513*MEDBOSSC*20211029*0852*886867429*X*005010X221A1~ST*835*0001~BPR*H*0*C*NON************20211028~TRN*1*R35011028003222*1860813402*000000000~REF*EV*7GW1459CA3~REF*F2*1588011043    R35011028003222~DTM*405*20211028~N1*PR*TRIWEST HEALTHCARE ALLIANCE~N3*PO BOX 42270~N4*PHOENIX*AZ*850802270~PER*CX**TE*8772268749~PER*BL*VA CCN PROVIDER SERVICES*TE*8002590264~PER*IC**UR*WWW.TRIWEST.COM~N1*PE*DAVID LINARES*XX*1588011043~N3*APT 3U*94-1261 LUMIKULA ST~N4*WAIPAHU*HI*96797~REF*TJ*812344400~LX*1~CLP*2568803880*1*350*0**VA*H287X0WF30000*11*1~NM1*QC*1*SPLICHAL*JENNIFER****MI*1014814051V012054~DTM*050*20211014~SVC*HC:90791:95*175*0~DTM*472*20210609~CAS*CO*185*175~REF*6R*0842568803880~SVC*HC:90837:95*175*0~DTM*472*20210626~CAS*CO*185*175~REF*6R*0852568803880~LX*2~CLP*2569716768*1*175*0**VA*H288X11050000*11*1~NM1*QC*1*GOMES*BLAISE****MI*1019542451V442379~DTM*050*20211015~SVC*HC:90837:95*175*0~DTM*472*20210525~CAS*CO*185*175~REF*6R*8042569716768~LX*3~CLP*2569716769*1*190*0**VA*H288X11070000*11*1~NM1*QC*1*HITCHCOCK*BRADLEY****MI*1018491675V281947~DTM*050*20211015~SVC*HC:90791:95*190*0~DTM*472*20210311~CAS*CO*185*190~REF*6R*8052569716769~LX*4~CLP*2569716770*1*190*0**VA*H288X11080000*11*1~NM1*QC*1*HITCHCOCK*BRADLEY****MI*1018491675V281947~DTM*050*20211015~SVC*HC:90791:95*190*0~DTM*472*20210306~CAS*CO*185*190~REF*6R*8062569716770~LX*5~CLP*2569716771*1*190*0**VA*H288X11090000*11*1~NM1*QC*1*AYERS*JERAME****MI*1003726487V072972~DTM*050*20211015~SVC*HC:90791:95*190*0~DTM*472*20210524~CAS*CO*185*190~REF*6R*8072569716771~LX*6~CLP*2569787905*1*190*0**VA*H288X132H0000*11*1~NM1*QC*1*AYERS*JERAME****MI*1003726487V072972~DTM*050*20211015~SVC*HC:90791:95*190*0~DTM*472*20210411~CAS*CO*185*190~REF*6R*8622569787905~LX*7~CLP*2569787906*1*365*0**VA*H288X132K0000*11*1~NM1*QC*1*BARRIOS*RYAN*M***MI*1019478817V150090~DTM*050*20211015~SVC*HC:90791:95*190*0~DTM*472*20210201~CAS*CO*185*190~REF*6R*8642569787906~SVC*HC:90837:95*175*0~DTM*472*20210413~CAS*CO*185*175~REF*6R*8632569787906~LX*8~CLP*2569787907*1*190*0**VA*H288X132M0000*11*1~NM1*QC*1*KALI*NAKIA****MI*1007113331V741549~DTM*050*20211015~SVC*HC:90791:95*190*0~DTM*472*20210309~CAS*CO*185*190~REF*6R*8652569787907~LX*9~CLP*2569787908*1*190*0**VA*H288X132P0000*11*1~NM1*QC*1*NUUSOLIA*TEETAI*A***MI*1011201633V521665~DTM*050*20211015~SVC*HC:90791:95*190*0~DTM*472*20210312~CAS*CO*185*190~REF*6R*8662569787908~LX*10~CLP*2574633043*1*1440*0**VA*H294X0Z0S0000*11*1~NM1*QC*1*HOY*JASON****MI*1014349522V275214~DTM*050*20211021~SVC*HC:90834:95*120*0~DTM*472*20210103~CAS*CO*185*120~REF*6R*8382574633043~SVC*HC:90834:95*120*0~DTM*472*20210110~CAS*CO*185*120~REF*6R*8372574633043~SVC*HC:90834:95*120*0~DTM*472*20210117~CAS*CO*185*120~REF*6R*8362574633043~SVC*HC:90834:95*120*0~DTM*472*20210124~CAS*CO*185*120~REF*6R*8352574633043~SVC*HC:90834:95*120*0~DTM*472*20210131~CAS*CO*185*120~REF*6R*8342574633043~SVC*HC:90834:95*120*0~DTM*472*20210213~CAS*CO*185*120~REF*6R*8332574633043~SVC*HC:90834:95*120*0~DTM*472*20210221~CAS*CO*185*120~REF*6R*8322574633043~SVC*HC:90834:95*120*0~DTM*472*20210307~CAS*CO*185*120~REF*6R*8312574633043~SVC*HC:90834:95*120*0~DTM*472*20210309~CAS*CO*185*120~REF*6R*8302574633043~SVC*HC:90834:95*120*0~DTM*472*20210314~CAS*CO*185*120~REF*6R*8292574633043~SVC*HC:90834:95*120*0~DTM*472*20210321~CAS*CO*185*120~REF*6R*8282574633043~SVC*HC:90834:95*120*0~DTM*472*20210328~CAS*CO*185*120~REF*6R*8272574633043~LX*11~CLP*2575534439*1*120*0**VA*H295X1R0B0000*11*1~NM1*QC*1*BARRERA*DANNY*J***MI*1011766881V679915~DTM*050*20211022~SVC*HC:90834:95*120*0~DTM*472*20210301~CAS*CO*185*120~REF*6R*2322575534439~LX*12~CLP*2575534441*1*350*0**VA*H295X1R0D0000*11*1~NM1*QC*1*ROGERS*ZACHARY****MI*1016063346V241929~DTM*050*20211022~SVC*HC:90837:95*175*0~DTM*472*20210603~CAS*CO*185*175~REF*6R*2432575534441~SVC*HC:90837:95*175*0~DTM*472*20210610~CAS*CO*185*175~REF*6R*2422575534441~SE*169*0001~ST*835*0002~BPR*I*103.95*C*ACH*CCP*01*031202770*DA*8026501176*1841160004*000000000*01*321370765*DA*8102075433*20211101~TRN*1*5402036300VT2*1860813402*000000000~REF*EV*7GW1459CA3~REF*F2*1588011043    R35011027002566~DTM*405*20211027~N1*PR*TRIWEST HEALTHCARE ALLIANCE~N3*PO BOX 42270~N4*PHOENIX*AZ*850802270~PER*CX**TE*8772268749~PER*BL*VA CCN PROVIDER SERVICES*TE*8002590264~PER*IC**UR*WWW.TRIWEST.COM~N1*PE*DAVID LINARES*XX*1588011043~N3*APT 3U*94-1261 LUMIKULA ST~N4*WAIPAHU*HI*96797~REF*TJ*812344400~LX*1~CLP*671-3973*1*120*0**VA*H242X0FKD0000*11*1~NM1*QC*1*AJOLO*CHRISTOPHER****MI*1018268258V574995~DTM*050*20210830~SVC*HC:90847:95*120*0~DTM*472*20210724~CAS*CO*288*120~REF*6R*513671-3973~LQ*HE*N489~LX*2~CLP*591-2238*1*120*0**VA*H242X0G6X0000*11*1~NM1*QC*1*READ*HOLLIS****MI*634460299~DTM*050*20210830~SVC*HC:90834:95*120*0~DTM*472*20210609~CAS*CO*288*120~REF*6R*033591-2238~LQ*HE*N489~LX*3~CLP*591-2079*1*120*0**VA*H243X1D6L0000*11*1~NM1*QC*1*READ*HOLLIS****MI*634460299~DTM*050*20210831~SVC*HC:90834:95*120*0~DTM*472*20210616~CAS*CO*288*120~REF*6R*051591-2079~LQ*HE*N489~LX*4~CLP*603-3668*1*150*103.95**VA*H243X1D6N0000*02*1~NM1*QC*1*AYERS*JERAME****MI*1003726487V072972~DTM*050*20210831~AMT*AU*103.95~SVC*HC:90837:95*150*103.95~DTM*472*20210808~CAS*CO*45*46.05~REF*6R*053603-3668~AMT*B6*103.95~SE*54*0002~GE*2*886867429~IEA*1*886867429~