ISA*00*          *00*          *ZZ*330897513      *ZZ*MEDBOSSC       *210902*0725*^*00501*867654200*0*P*:~GS*HP*330897513*MEDBOSSC*20210902*0725*867654200*X*005010X221A1~ST*835*0001~BPR*I*534.59*C*ACH*CCP*01*043301627*DA*1077670664*1571132733*000000000*01*321370765*DA*8102075433*20210903~TRN*1*5670049243TR1*1571132733*000000000~REF*EV*7GW0013CA3~REF*F2*1588011043    R88010831007872~DTM*405*20210831~N1*PR*PGBA,LLC~N3*TRICARE WEST REGION CLAIMS*P.O. BOX 202112~N4*FLORENCE*SC*295022112~PER*CX*TRICARE WEST REGION CLAIMS CORRESPONDENCE*TE*8448669378~PER*BL*TRICARE ELECTRONIC CLAIMS SERVICE CENTER*TE*8003255920~N1*PE*SERENITY COUNSELING SERVICES H*XX*1588011043~N3*SUITE 201*99-149 MOANALUA RD~N4*AIEA*HI*96701~REF*TJ*812344400~LX*1~CLP*737-2221*1*120*70.34**CH*H239X3PJ40000*02*1~NM1*QC*1*CAPPS*TEIGAN*B***HN*737-2221~NM1*IL*1*IMADA*AURALEE*A***MI*729127809~NM1*82*1*WATERS*LORI*M***XX*1760854152~REF*1H*524943302~DTM*050*20210827~AMT*AU*70.34~SVC*HC:90834:95*120*70.34~DTM*472*20210617~CAS*CO*45*49.66~REF*6R*337737-2221~AMT*B6*70.34~LX*2~CLP*873-3574*1*150*11.01*106.3*CH*H239X3PPB0000*11*1~NM1*QC*1*STEPHENSON*MARIAH*R***HN*873-3574~NM1*IL*1*STEPHENSON*NATHAN*R***MI*305902921~NM1*82*1*PLAYTER*AILEEN*T***XX*1013394097~REF*1H*575843780~DTM*050*20210827~AMT*AU*117.31~SVC*HC:90837:95*150*11.01~DTM*472*20210803~CAS*CO*242*32.69~CAS*PR*1*95.3**2*11~REF*6R*267873-3574~AMT*B6*117.31~LQ*HE*N212~LX*3~CLP*575-3814*1*120*0*70.34*CH*H239X3PPC0000*02*1~NM1*QC*1*TEASLEY*SHAWN*D***HN*575-3814~NM1*IL*1*TEASLEY*SHAWN*D***MI*168569361~DTM*050*20210827~AMT*AU*70.34~SVC*HC:90834:95*120*0~DTM*472*20210816~CAS*CO*242*49.66~CAS*PR*1*70.34~REF*6R*270575-3814~AMT*B6*70.34~LQ*HE*N212~LX*4~CLP*626-3824*1*120*0*70.34*CH*H239X3PPD0000*02*1~NM1*QC*1*SWINT*CRYSTAL*I***HN*626-3824~NM1*IL*1*SWINT*ALEXANDER*D***MI*245713148~DTM*050*20210827~AMT*AU*70.34~SVC*HC:90834:95*120*0~DTM*472*20210816~CAS*CO*242*49.66~CAS*PR*1*70.34~REF*6R*273626-3824~AMT*B6*70.34~LQ*HE*N212~LX*5~CLP*620-3853*1*120*0*70.34*CH*H239X3PPJ0000*02*1~NM1*QC*1*JOHNSON*MIHO****HN*620-3853~NM1*IL*1*JOHNSON*COREY*S***MI*105566554~NM1*82*1*FERREIRA*LORI****XX*1811143126~REF*1H*576766277~DTM*050*20210827~AMT*AU*70.34~SVC*HC:90834:95*120*0~DTM*472*20210814~CAS*CO*242*49.66~CAS*PR*1*70.34~REF*6R*794620-3853~AMT*B6*70.34~LQ*HE*N212~LX*6~CLP*556-3765*1*120*0*120*CH*H239X3PPK0000*02*1~NM1*QC*1*ATKINS*SOHPIE****HN*556-3765~NM1*IL*1*ATKINS*SOHPIE****MI*01282254802~DTM*050*20210827~SVC*HC:90834:95*120*0~DTM*472*20210813~CAS*PR*16*120~REF*6R*408556-3765~LQ*HE*N382~LX*7~CLP*737-3555*1*120*52.76*17.58*CH*H239X3PPL0000*02*1~NM1*QC*1*CAPPS*TEIGAN*B***HN*737-3555~NM1*IL*1*IMADA*AURALEE*A***MI*729127809~NM1*82*1*WATERS*LORI*M***XX*1760854152~REF*1H*524943302~DTM*050*20210827~AMT*AU*70.34~SVC*HC:90834:95*120*52.76~DTM*472*20210729~CAS*CO*45*49.66~CAS*PR*2*17.58~REF*6R*712737-3555~AMT*B6*70.34~LX*8~CLP*737-2834*1*120*70.34**CH*H239X3PPW0000*02*1~NM1*QC*1*CAPPS*TEIGAN*B***HN*737-2834~NM1*IL*1*IMADA*AURALEE*A***MI*729127809~NM1*82*1*WATERS*LORI*M***XX*1760854152~REF*1H*524943302~DTM*050*20210827~AMT*AU*70.34~SVC*HC:90834:95*120*70.34~DTM*472*20210708~CAS*CO*45*49.66~REF*6R*212737-2834~AMT*B6*70.34~LX*9~CLP*706-3791*1*120*63.18*15.8*CH*H239X3PP60000*11*1~NM1*QC*1*GOSWICK*GINA*M***HN*706-3791~NM1*IL*1*GOSWICK*ADAM*J***MI*226576761~NM1*82*1*PLAYTER*AILEEN*T***XX*1013394097~REF*1H*575843780~DTM*050*20210827~AMT*AU*78.98~SVC*HC:90847:95*120*63.18~DTM*472*20210813~CAS*CO*45*41.02~CAS*PR*2*15.8~REF*6R*767706-3791~AMT*B6*78.98~LX*10~CLP*724-3917*1*150*51.98*51.98*CH*H239X3PP80000*02*1~NM1*QC*1*MARSI*KATE*D***HN*724-3917~NM1*IL*1*MARSI*RYAN*E***MI*624489057~NM1*82*1*PLAYTER*AILEEN*T***XX*1013394097~REF*1H*575843780~DTM*050*20210827~AMT*AU*103.96~SVC*HC:90837:95*150*51.98~DTM*472*20210820~CAS*CO*242*46.04~CAS*PR*2*51.98~REF*6R*770724-3917~AMT*B6*103.96~LQ*HE*N212~LX*11~CLP*724-3771*1*150*51.98*51.98*CH*H239X3PP90000*02*1~NM1*QC*1*MARSI*KATE*D***HN*724-3771~NM1*IL*1*MARSI*RYAN*E***MI*624489057~NM1*82*1*PLAYTER*AILEEN*T***XX*1013394097~REF*1H*575843780~DTM*050*20210827~AMT*AU*103.96~SVC*HC:90837:95*150*51.98~DTM*472*20210813~CAS*CO*242*46.04~CAS*PR*2*51.98~REF*6R*379724-3771~AMT*B6*103.96~LQ*HE*N212~LX*12~CLP*706-3961*1*150*92.66*24.65*CH*H239X3PQ10000*11*1~NM1*QC*1*GOSWICK*GINA*M***HN*706-3961~NM1*IL*1*GOSWICK*ADAM*J***MI*226576761~NM1*82*1*PLAYTER*AILEEN*T***XX*1013394097~REF*1H*575843780~DTM*050*20210827~AMT*AU*117.31~SVC*HC:90837:95*150*92.66~DTM*472*20210820~CAS*CO*45*32.69~CAS*PR*1*1.48**2*23.17~REF*6R*383706-3961~AMT*B6*117.31~LX*13~CLP*737-2447*1*120*70.34**CH*H239X3PQ40000*02*1~NM1*QC*1*CAPPS*TEIGAN*B***HN*737-2447~NM1*IL*1*IMADA*AURALEE*A***MI*729127809~NM1*82*1*WATERS*LORI*M***XX*1760854152~REF*1H*524943302~DTM*050*20210827~AMT*AU*70.34~SVC*HC:90834:95*120*70.34~DTM*472*20210628~CAS*CO*45*49.66~REF*6R*337737-2447~AMT*B6*70.34~LX*14~CLP*587-3470*2*120*0**CH*H240X018C0000*02*1~NM1*QC*1*PEREZ MORAN*ALEXIS*M***HN*587-3470~NM1*IL*1*PEREZMORAN*JOSE*F***MI*612845271~DTM*050*20210828~SVC*HC:90834:95*120*0~DTM*472*20210731~CAS*CO*18*120~REF*6R*377587-3470~LQ*HE*N522~LX*15~CLP*587-3797*1*120*0**CH*H240X018G0000*02*1~NM1*QC*1*PEREZ MORAN*ALEXIS*M***HN*587-3797~NM1*IL*1*PEREZMORAN*JOSE*F***MI*612845271~DTM*050*20210828~SVC*HC:90847:95*120*0~DTM*472*20210814~CAS*CO*22*120~REF*6R*381587-3797~LQ*HE*N245~LX*16~CLP*597-1200*1*120*0**CH*H242X0CP10000*11*1~NM1*QC*1*COMBS*NATHANIEL*D***HN*597-1200~NM1*IL*1*COMBS*DAVID*M***MI*351741750~DTM*050*20210830~SVC*HC:90834*120*0~DTM*472*20210521~CAS*CO*18*120~REF*6R*811533195L897492386~LQ*HE*N522~SE*223*0001~GE*1*867654200~IEA*1*867654200~