ISA*00*          *00*          *ZZ*330897513      *ZZ*MEDBOSSC       *210603*1203*^*00501*838084419*0*P*:~GS*HP*330897513*MEDBOSSC*20210603*1203*838084419*X*005010X221A1~ST*835*0001~BPR*I*313.23*C*ACH*CCP*01*121301028*DA*0006883451*1990309519**01*321370765*DA*8102075433*20210604~TRN*1*30227614*1990309519~DTM*405*20210602~N1*PR*ALOHACARE~N3*1357 KAPIOLANI BLVD*SUITE 1250~N4*HONOLULU*HI*96814~REF*2U*MEDICAID752777124~PER*BL*ALOHACARE EDI*TE*8089731650*EM*EDI@ALOHACARE.ORG~N1*PE*SERENITY COUNSELING SERVICES HAWAII*XX*1588011043~N3*99-149 MOANALUA RD RM 201~N4*AIEA*HI*96701~REF*TJ*812344400~LX*1~CLP*928543284*1*190*130.54**MC*2115191195*11*1~NM1*QC*1*EDOUARD*ANDREA*C***MI*0002184616~NM1*82*1*PLAYTER*AILEEN*T***XX*1013394097~DTM*232*20210518~DTM*233*20210518~AMT*AU*130.54~SVC*HC:90791*190*130.54~DTM*472*20210518~CAS*CO*45*59.46~REF*6R*9281014755~AMT*B6*130.54~CLP*928543335*1*175*109.76**MC*2115191203*11*1~NM1*QC*1*EDOUARD*ANDREA*C***MI*0002184616~NM1*82*1*PLAYTER*AILEEN*T***XX*1013394097~DTM*232*20210527~DTM*233*20210527~AMT*AU*109.76~SVC*HC:90837*175*109.76~DTM*472*20210527~CAS*CO*45*65.24~REF*6R*9281014814~AMT*B6*109.76~CLP*928543318*1*150*72.93**MC*2115191209*11*1~NM1*QC*1*MINNICK*BRADY****MI*0002299534~NM1*82*1*PLAYTER*AILEEN*T***XX*1013394097~DTM*232*20210525~DTM*233*20210525~AMT*AU*72.93~SVC*HC:90847*150*72.93~DTM*472*20210525~CAS*CO*45*77.07~REF*6R*9281014794~AMT*B6*72.93~SE*48*0001~GE*1*838084419~IEA*1*838084419~