ISA*00*          *00*          *ZZ*330897513      *ZZ*MEDBOSSC       *210618*1200*^*00501*843152370*0*P*:~GS*HP*330897513*MEDBOSSC*20210618*1200*843152370*X*005010X221A1~ST*835*0001~BPR*I*425*C*ACH*CCP*01*051404260*DA*252781161*1541414194**01*321370765*DA*8102075433*20210621~TRN*1*0000512124*1541414194~N1*PR*BEACON HEALTH OPTIONS, INC.~N3*ATTN FINANCE DEPT~N4*NORFOLK*VA*23502~REF*2U*FDX~PER*BL*VALUEOPTIONS EDI HELPDESK*TE*8882479311*EM*ESUPPORTSERVICES@VALUEOPTIONS.COM~N1*PE*SERENITY COUNSELING SERVICES H*XX*1699008045~N3*10641 WINDSMONT CT~N4*LEHIGH ACRES*FL*339367268~REF*TJ*812344400~LX*1~CLP*0*1*85*85**13*06   061421 04065 00429*11~NM1*QC*1*GILL*MARIA****MI*483874~NM1*IL*1*GILL*MARIA****MI*483874~NM1*82*2*LINARES, DAVID*****XX*1699008045~REF*1W*483874~REF*1J*E824169~SVC*HC:AEA:60*85*85~DTM*472*20210614~REF*6R*001~AMT*B6*85~CLP*0*1*85*85**13*06   061121 04065 00506*11~NM1*QC*1*MATERIALE*KATELYN*N***MI*1124663~NM1*IL*1*MATERIALE*KATELYN*N***MI*1124663~NM1*82*2*LINARES, DAVID*****XX*1699008045~REF*1W*1124663~REF*1J*E824169~SVC*HC:AEA:60*85*85~DTM*472*20210611~REF*6R*001~AMT*B6*85~CLP*0*1*85*85**13*06   061521 04065 00010*11~NM1*QC*1*MATERIALE*KATELYN*N***MI*1124663~NM1*IL*1*MATERIALE*KATELYN*N***MI*1124663~NM1*82*2*LINARES, DAVID*****XX*1699008045~REF*1W*1124663~REF*1J*E824169~SVC*HC:AEA:60*85*85~DTM*472*20210614~REF*6R*001~AMT*B6*85~CLP*0*4*60*0**13*06   061121 04065 00364*11~NM1*QC*1*MCGILL*SAMUEL*D***MI*1085792~NM1*IL*1*MCGILL*SAMUEL*D***MI*1085792~NM1*82*2*LINARES, DAVID*****XX*1699008045~REF*1W*1085792~REF*1J*E824169~SVC*HC:AEA:60*60*0~DTM*472*20210608~CAS*CO*16*60~REF*6R*001~LQ*HE*N54~CLP*0*1*85*85**13*06   061321 04065 00174*11~NM1*QC*1*PEGRAM*CASEY*E***MI*1077485~NM1*IL*1*PEGRAM*CASEY*E***MI*1077485~NM1*82*2*LINARES, DAVID*****XX*1699008045~REF*1W*1077485~REF*1J*E824169~SVC*HC:AEA:60*85*85~DTM*472*20210613~REF*6R*001~AMT*B6*85~CLP*0*1*85*85**13*06   061321 04065 00186*11~NM1*QC*1*WALKER*TIMOTHEY*R***MI*1091678~NM1*IL*1*WALKER*TIMOTHEY*R***MI*1091678~NM1*82*2*LINARES, DAVID*****XX*1699008045~REF*1W*1091678~REF*1J*E824169~SVC*HC:AEA:60*85*85~DTM*472*20210613~REF*6R*001~AMT*B6*85~SE*75*0001~ST*835*0002~BPR*I*85*C*ACH*CCP*01*051404260*DA*252781161*1541414194**01*321370765*DA*8102075433*20210621~TRN*1*0000511201*1541414194~N1*PR*BEACON HEALTH OPTIONS, INC.~N3*ATTN FINANCE DEPT~N4*NORFOLK*VA*23502~REF*2U*FDX~PER*BL*VALUEOPTIONS EDI HELPDESK*TE*8882479311*EM*ESUPPORTSERVICES@VALUEOPTIONS.COM~N1*PE*SERENITY COUNSELING SERVICES H*XX*1699008045~N3*10641 WINDSMONT CT~N4*LEHIGH ACRES*FL*339367268~REF*TJ*812344400~LX*1~CLP*0*1*85*85**13*06   061121 04065 00366*11~NM1*QC*1*GARCIA*ANDRES****MI*848895~NM1*IL*1*GARCIA*ANDRES****MI*848895~NM1*82*2*LINARES, DAVID*****XX*1699008045~REF*1W*848895~REF*1J*E824169~SVC*HC:AEA:60*85*85~DTM*472*20210611~REF*6R*001~AMT*B6*85~SE*24*0002~ST*835*0003~BPR*I*255*C*ACH*CCP*01*051404260*DA*252781161*1541414194**01*321370765*DA*8102075433*20210621~TRN*1*0000511674*1541414194~N1*PR*BEACON HEALTH OPTIONS, INC.~N3*ATTN FINANCE DEPT~N4*NORFOLK*VA*23502~REF*2U*FDX~PER*BL*VALUEOPTIONS EDI HELPDESK*TE*8882479311*EM*ESUPPORTSERVICES@VALUEOPTIONS.COM~N1*PE*SERENITY COUNSELING SERVICES H*XX*1699008045~N3*10641 WINDSMONT CT~N4*LEHIGH ACRES*FL*339367268~REF*TJ*812344400~LX*1~CLP*0*1*85*85**13*06   061121 04065 00442*11~NM1*QC*1*HAGAR*CHELSEA*R***MI*1113298~NM1*IL*1*HAGAR*CHELSEA*R***MI*1113298~NM1*82*2*LINARES, DAVID*****XX*1699008045~REF*1W*1113298~REF*1J*E824169~SVC*HC:AEA:60*85*85~DTM*472*20210611~REF*6R*001~AMT*B6*85~CLP*0*1*85*85**13*06   061121 04065 00458*11~NM1*QC*1*HAGAR*CHELSEA*R***MI*1113298~NM1*IL*1*HAGAR*CHELSEA*R***MI*1113298~NM1*82*2*LINARES, DAVID*****XX*1699008045~REF*1W*1113298~REF*1J*E824169~SVC*HC:AEA:60*85*85~DTM*472*20210610~REF*6R*001~AMT*B6*85~CLP*0*1*85*85**13*06   061121 04065 00510*11~NM1*QC*1*MATHIS*JAMISON*L***MI*985245~NM1*IL*1*MATHIS*JAMISON*L***MI*985245~NM1*82*2*LINARES, DAVID*****XX*1699008045~REF*1W*985245~REF*1J*E824169~SVC*HC:AEA:60*85*85~DTM*472*20210611~REF*6R*001~AMT*B6*85~SE*44*0003~GE*3*843152370~IEA*1*843152370~