ISA*00*          *00*          *ZZ*330897513      *ZZ*MEDBOSSC       *211015*0855*^*00501*881978846*0*P*:~GS*HP*330897513*MEDBOSSC*20211015*0855*881978846*X*005010X221A1~ST*835*0001~BPR*I*78.14*C*ACH*CCP*01*031202770*DA*8026501176*1841160004*000000000*01*321370765*DA*8102075433*20211018~TRN*1*5445141286VT2*1860813402*000000000~REF*EV*7GW1459CA3~REF*F2*1588011043    R35011013002439~DTM*405*20211013~N1*PR*TRIWEST HEALTHCARE ALLIANCE~N3*PO BOX 42270~N4*PHOENIX*AZ*850802270~PER*CX**TE*8772268749~PER*BL*VA CCN PROVIDER SERVICES*TE*8002590264~PER*IC**UR*WWW.TRIWEST.COM~N1*PE*DAVID LINARES*XX*1588011043~N3*APT 3U*94-1261 LUMIKULA ST~N4*WAIPAHU*HI*96797~REF*TJ*812344400~LX*1~CLP*1952-5317*1*120*78.14**VA*H285X1GJF0000*11*1~NM1*QC*1*FRERKSON*CYNTHIA*C***MI*1014789550V732088~DTM*050*20211012~AMT*AU*78.14~SVC*HC:90847:95*120*78.14~DTM*472*20211005~CAS*CO*45*41.86~REF*6R*2931952-5317~AMT*B6*78.14~LX*2~CLP*735-5326*1*120*0**VA*H285X1L8X0000*02*1~NM1*QC*1*ROGERS*ZACHARY****MI*1016063346V241929~DTM*050*20211012~SVC*HC:90834:95*120*0~DTM*472*20211006~CAS*CO*288*120~REF*6R*211735-5326~LQ*HE*N489~LX*3~CLP*643-4251*1*120*0**VA*H285X1L8Y0000*11*1~NM1*QC*1*MACEDO*SAMUEL****MI*757136824~DTM*050*20211012~SVC*HC:90834:95*120*0~DTM*472*20210825~CAS*CO*288*120~REF*6R*212643-4251~LQ*HE*N489~LX*4~CLP*625-1822*1*120*0**VA*H285X1PKP0000*11*1~NM1*QC*1*BOTELLO*ISIS****MI*763121590~DTM*050*20211012~SVC*HC:90834:95*120*0~DTM*472*20210504~CAS*CO*288*120~REF*6R*875625-1822~LQ*HE*N489~LX*5~CLP*660-1865*1*120*0**VA*H285X1PKQ0000*02*1~NM1*QC*1*BESTWICK*PAUL*A***MI*757536353~DTM*050*20211012~SVC*HC:90834:95*120*0~DTM*472*20210526~CAS*CO*288*120~REF*6R*876660-1865~LQ*HE*N489~LX*6~CLP*625-1897*1*120*0**VA*H285X1PKR0000*02*1~NM1*QC*1*BOTELLO*ISIS****MI*763121590~DTM*050*20211012~SVC*HC:90834:95*120*0~DTM*472*20210511~CAS*CO*288*120~REF*6R*877625-1897~LQ*HE*N489~LX*7~CLP*625-1899*1*120*0**VA*H285X1PKS0000*02*1~NM1*QC*1*BOTELLO*ISIS****MI*763121590~DTM*050*20211012~SVC*HC:90834:95*120*0~DTM*472*20210518~CAS*CO*288*120~REF*6R*878625-1899~LQ*HE*N489~LX*8~CLP*625-1901*1*120*0**VA*H285X1PKT0000*02*1~NM1*QC*1*BOTELLO*ISIS****MI*763121590~DTM*050*20211012~SVC*HC:90834:95*120*0~DTM*472*20210525~CAS*CO*288*120~REF*6R*879625-1901~LQ*HE*N489~LX*9~CLP*625-1903*1*120*0**VA*H285X1PKV0000*02*1~NM1*QC*1*BOTELLO*ISIS****MI*763121590~DTM*050*20211012~SVC*HC:90834:95*120*0~DTM*472*20210601~CAS*CO*288*120~REF*6R*880625-1903~LQ*HE*N489~SE*99*0001~GE*1*881978846~IEA*1*881978846~