ISA*00*          *00*          *ZZ*330897513      *ZZ*MEDBOSSC       *210916*1014*^*00501*872071509*0*P*:~GS*HP*330897513*MEDBOSSC*20210916*1014*872071509*X*005010X221A1~ST*835*0001~BPR*I*152.21*C*ACH*CCP*01*111000025*DA*3360207008*1611241225*WPSEAST  *01*321370765*DA*08102075433*20210917~TRN*1*1215952178*1611241225*WPSEAST~REF*EV*98366~DTM*405*20210914~N1*PR*TRICARE EAST~N3*PO BOX 7889~N4*MADISON*WI*53707~PER*BL*EDI HELPDESK*TE*8007822680~PER*IC**UR*WWW.HUMANAMILITARY.COM~N1*PE*SERENITY COUNSELING SERVICES*XX*1588011043~N3*99-115 AIEA HEIGHTS DR STE 207~N4*AIEA*HI*96701~LX*1~CLP*928374259*1*120*72.57**CH*20212243103496*11~NM1*QC*1*MARTINEZ*AMALIA****MI*449832155~NM1*IL*1*MARTINEZ*AMALIA*MAGDALENA***MI*449832155~REF*1H*81234440096701A001~DTM*050*20210812~PER*CX*WPS - TRICARE EAST*TE*8004445445~SVC*HC:90834:95*120*72.57~DTM*472*20210208~CAS*CO*45*47.43~REF*HPI*1811143126~REF*1H*81234440096701A014~AMT*B6*72.57~LQ*HE*N1~LX*2~CLP*928444131*1*120*79.64**CH*20212243103498*11~NM1*QC*1*MARTINEZ*AMALIA****MI*449832155~NM1*IL*1*MARTINEZ*AMALIA*MAGDALENA***MI*449832155~REF*1H*81234440096701A001~DTM*050*20210812~PER*CX*WPS - TRICARE EAST*TE*8004445445~SVC*HC:90834:95*120*79.64~DTM*472*20210313~CAS*CO*45*40.36~REF*HPI*1811143126~REF*1H*81234440096701A014~AMT*B6*79.64~LQ*HE*N1~SE*42*0001~GE*1*872071509~IEA*1*872071509~