ISA*00*          *00*          *ZZ*330897513      *ZZ*MEDBOSSC       *210901*0816*^*00501*867227264*0*P*:~GS*HP*330897513*MEDBOSSC*20210901*0816*867227264*X*005010X221A1~ST*835*0001~BPR*I*72.93*C*ACH*CCP*01*121301028*DA*0006883451*1990309519**01*321370765*DA*8102075433*20210505~TRN*1*30220511*1990309519~DTM*405*20210503~N1*PR*ALOHACARE~N3*1357 KAPIOLANI BLVD*SUITE 1250~N4*HONOLULU*HI*96814~REF*2U*MEDICAID752777124~PER*BL*ALOHACARE EDI*TE*8089731650*EM*EDI@ALOHACARE.ORG~N1*PE*SERENITY COUNSELING SERVICES HAWAII*XX*1588011043~N3*99-149 MOANALUA RD RM 201~N4*AIEA*HI*96701~REF*TJ*812344400~LX*1~CLP*928481844*1*150*72.93**MC*2111992963*11*1~NM1*QC*1*MINNICK*BRADY****MI*0002299534~NM1*82*1*PLAYTER*AILEEN*T***XX*1013394097~DTM*232*20210420~DTM*233*20210420~AMT*AU*72.93~SVC*HC:90847:95*150*72.93~DTM*472*20210420~CAS*CO*45*77.07~REF*6R*928908001~AMT*B6*72.93~SE*26*0001~ST*835*0002~BPR*I*162*C*ACH*CCP*01*121301028*DA*0006883451*1990309519**01*321370765*DA*8102075433*20210526~TRN*1*30225935*1990309519~DTM*405*20210524~N1*PR*ALOHACARE~N3*1357 KAPIOLANI BLVD*SUITE 1250~N4*HONOLULU*HI*96814~REF*2U*MEDICAID752777124~PER*BL*ALOHACARE EDI*TE*8089731650*EM*EDI@ALOHACARE.ORG~N1*PE*SERENITY COUNSELING SERVICES HAWAII*XX*1588011043~N3*99-149 MOANALUA RD RM 201~N4*AIEA*HI*96701~REF*TJ*812344400~LX*1~CLP*928447552*1*150*54**MC*2110492180*11*1~NM1*QC*1*MINNICK*BRADY****MI*0002299534~NM1*82*1*PLAYTER*AILEEN*T***XX*1013394097~DTM*232*20210323~DTM*233*20210323~AMT*AU*54~SVC*HC:90847:95*150*54~DTM*472*20210323~CAS*CO*45*96~REF*6R*928849023~AMT*B6*54~CLP*928391399*1*150*54**MC*2110492191*11*1~NM1*QC*1*MINNICK*BRADY****MI*0002299534~NM1*82*1*PLAYTER*AILEEN*T***XX*1013394097~DTM*232*20210315~DTM*233*20210315~AMT*AU*54~SVC*HC:90847:95*150*54~DTM*472*20210315~CAS*CO*45*96~REF*6R*928752305~AMT*B6*54~CLP*928392207*1*150*54**MC*2110492202*11*1~NM1*QC*1*MINNICK*BRADY****MI*0002299534~NM1*82*1*PLAYTER*AILEEN*T***XX*1013394097~DTM*232*20210301~DTM*233*20210301~AMT*AU*54~SVC*HC:90847:95*150*54~DTM*472*20210301~CAS*CO*45*96~REF*6R*928753733~AMT*B6*54~SE*48*0002~ST*835*0003~BPR*I*95.52*C*ACH*CCP*01*121301028*DA*0006883451*1990309519**01*321370765*DA*8102075433*20210806~TRN*1*30242413*1990309519~DTM*405*20210804~N1*PR*ALOHACARE~N3*1357 KAPIOLANI BLVD*SUITE 1250~N4*HONOLULU*HI*96814~REF*2U*MEDICAID752777124~PER*BL*ALOHACARE EDI*TE*8089731650*EM*EDI@ALOHACARE.ORG~N1*PE*SERENITY COUNSELING SERVICES HAWAII*XX*1588011043~N3*99-149 MOANALUA RD RM 201~N4*AIEA*HI*96701~REF*TJ*812344400~LX*1~CLP*741-3291*1*150*95.52**MC*2121493126*02*1~NM1*QC*1*EDOUARD*ANDREA*C***MI*0002184616~NM1*82*1*PLAYTER*AILEEN*T***XX*1013394097~DTM*232*20210729~DTM*233*20210729~AMT*AU*95.52~SVC*HC:90837:95*150*95.52~DTM*472*20210729~CAS*CO*45*54.48~REF*6R*668741-3291~AMT*B6*95.52~SE*26*0003~ST*835*0004~BPR*I*72.93*C*ACH*CCP*01*121301028*DA*0006883451*1990309519**01*321370765*DA*8102075433*20210528~TRN*1*30226741*1990309519~DTM*405*20210526~N1*PR*ALOHACARE~N3*1357 KAPIOLANI BLVD*SUITE 1250~N4*HONOLULU*HI*96814~REF*2U*MEDICAID752777124~PER*BL*ALOHACARE EDI*TE*8089731650*EM*EDI@ALOHACARE.ORG~N1*PE*SERENITY COUNSELING SERVICES HAWAII*XX*1588011043~N3*99-149 MOANALUA RD RM 201~N4*AIEA*HI*96701~REF*TJ*812344400~LX*1~CLP*928530409*1*150*72.93**MC*2114492588*11*1~NM1*QC*1*MINNICK*BRADY****MI*0002299534~NM1*82*1*PLAYTER*AILEEN*T***XX*1013394097~DTM*232*20210511~DTM*233*20210511~AMT*AU*72.93~SVC*HC:90847*150*72.93~DTM*472*20210511~CAS*CO*45*77.07~REF*6R*928992427~AMT*B6*72.93~SE*26*0004~ST*835*0005~BPR*I*95.52*C*ACH*CCP*01*121301028*DA*0006883451*1990309519**01*321370765*DA*8102075433*20210730~TRN*1*30240782*1990309519~DTM*405*20210728~N1*PR*ALOHACARE~N3*1357 KAPIOLANI BLVD*SUITE 1250~N4*HONOLULU*HI*96814~REF*2U*MEDICAID752777124~PER*BL*ALOHACARE EDI*TE*8089731650*EM*EDI@ALOHACARE.ORG~N1*PE*SERENITY COUNSELING SERVICES HAWAII*XX*1588011043~N3*99-149 MOANALUA RD RM 201~N4*AIEA*HI*96701~REF*TJ*812344400~LX*1~CLP*741-3071*1*150*95.52**MC*2120792130*02*1~NM1*QC*1*EDOUARD*ANDREA*C***MI*0002184616~NM1*82*1*PLAYTER*AILEEN*T***XX*1013394097~DTM*232*20210722~DTM*233*20210722~AMT*AU*95.52~SVC*HC:90837:95*150*95.52~DTM*472*20210722~CAS*CO*45*54.48~REF*6R*653741-3071~AMT*B6*95.52~SE*26*0005~ST*835*0006~BPR*I*95.52*C*ACH*CCP*01*121301028*DA*0006883451*1990309519**01*321370765*DA*8102075433*20210721~TRN*1*30238250*1990309519~DTM*405*20210719~N1*PR*ALOHACARE~N3*1357 KAPIOLANI BLVD*SUITE 1250~N4*HONOLULU*HI*96814~REF*2U*MEDICAID752777124~PER*BL*ALOHACARE EDI*TE*8089731650*EM*EDI@ALOHACARE.ORG~N1*PE*SERENITY COUNSELING SERVICES HAWAII*XX*1588011043~N3*99-149 MOANALUA RD RM 201~N4*AIEA*HI*96701~REF*TJ*812344400~LX*1~CLP*741-2673*1*150*95.52**MC*2119592117*02*1~NM1*QC*1*EDOUARD*ANDREA*C***MI*0002184616~NM1*82*1*PLAYTER*AILEEN*T***XX*1013394097~DTM*232*20210708~DTM*233*20210708~AMT*AU*95.52~SVC*HC:90837:95*150*95.52~DTM*472*20210708~CAS*CO*45*54.48~REF*6R*569741-2673~AMT*B6*95.52~SE*26*0006~ST*835*0007~BPR*I*399.39*C*ACH*CCP*01*121301028*DA*0006883451*1990309519**01*321370765*DA*8102075433*20210609~TRN*1*30228603*1990309519~DTM*405*20210607~N1*PR*ALOHACARE~N3*1357 KAPIOLANI BLVD*SUITE 1250~N4*HONOLULU*HI*96814~REF*2U*MEDICAID752777124~PER*BL*ALOHACARE EDI*TE*8089731650*EM*EDI@ALOHACARE.ORG~N1*PE*SERENITY COUNSELING SERVICES HAWAII*XX*1588011043~N3*99-149 MOANALUA RD RM 201~N4*AIEA*HI*96701~REF*TJ*812344400~LX*1~CLP*928148428*1*190*64.59**MC*2106894554*11*1~NM1*QC*1*MINNICK*BRADY****MI*0002299534~NM1*82*1*PLAYTER*AILEEN*T***XX*1013394097~DTM*232*20201027~DTM*233*20201027~AMT*AU*64.59~SVC*HC:90791:95*190*64.59~DTM*472*20201027~CAS*CO*45*125.41~REF*6R*928285005~AMT*B6*64.59~CLP*928149777*1*175*59.4**MC*2106894565*11*1~NM1*QC*1*MINNICK*BRADY****MI*0002299534~NM1*82*1*PLAYTER*AILEEN*T***XX*1013394097~DTM*232*20201103~DTM*233*20201103~AMT*AU*59.4~SVC*HC:90837:95*175*59.4~DTM*472*20201103~CAS*CO*45*115.6~REF*6R*928287603~AMT*B6*59.4~CLP*928221737*1*120*54**MC*2106894585*11*1~NM1*QC*1*MINNICK*BRADY****MI*0002299534~NM1*82*1*PLAYTER*AILEEN*T***XX*1013394097~DTM*232*20201214~DTM*233*20201214~AMT*AU*54~SVC*HC:90834:95*120*54~DTM*472*20201214~CAS*CO*45*66~REF*6R*928427695~AMT*B6*54~CLP*928334667*1*175*59.4**MC*2106894588*11*1~NM1*QC*1*MINNICK*BRADY****MI*0002299534~NM1*82*1*PLAYTER*AILEEN*T***XX*1013394097~DTM*232*20210125~DTM*233*20210125~AMT*AU*59.4~SVC*HC:90837:95*175*59.4~DTM*472*20210125~CAS*CO*45*115.6~REF*6R*928645564~AMT*B6*59.4~CLP*928167744*1*120*54**MC*2106894621*11*1~NM1*QC*1*MINNICK*BRADY****MI*0002299534~NM1*82*1*PLAYTER*AILEEN*T***XX*1013394097~DTM*232*20201116~DTM*233*20201116~AMT*AU*54~SVC*HC:90834:95*120*54~DTM*472*20201116~CAS*CO*45*66~REF*6R*928324400~AMT*B6*54~CLP*928277545*1*120*54**MC*2106894739*11*1~NM1*QC*1*MINNICK*BRADY****MI*0002299534~NM1*82*1*PLAYTER*AILEEN*T***XX*1013394097~DTM*232*20210108~DTM*233*20210108~AMT*AU*54~SVC*HC:90834:95*120*54~DTM*472*20210108~CAS*CO*45*66~REF*6R*928533969~AMT*B6*54~CLP*928195005*1*120*54**MC*2106894766*11*1~NM1*QC*1*MINNICK*BRADY****MI*0002299534~NM1*82*1*PLAYTER*AILEEN*T***XX*1013394097~DTM*232*20201130~DTM*233*20201130~AMT*AU*54~SVC*HC:90834:95*120*54~DTM*472*20201130~CAS*CO*45*66~REF*6R*928377190~AMT*B6*54~SE*92*0007~GE*7*867227264~IEA*1*867227264~