ISA*00*          *00*          *ZZ*PAYFORMANCE    *ZZ*PAYER          *210526*0732*{*00501*013217863*0*P*:~GS*HP*BEACON HEALTH O*PROVIDERHIS*20210526*0732*1*X*005010X221A1~ST*835*846418939~BPR*I*85*C*ACH*CCP*01*051404260*DA*252781161*1541414194**01*321370765*DA*8102075433*20210510~TRN*1*0000503471*1541414194~N1*PR*Beacon Health Options, Inc.~N3*Attn Finance Dept~N4*Norfolk*VA*23502~REF*2U*FDX~PER*BL*ValueOptions EDI HelpDesk*TE*8882479311*EM*esupportservices@valueoptions.com~N1*PE*SERENITY COUNSELING SERVICES H*XX*1699008045~N3*99-149 MOANALUA RD*STE 201~N4*AIEA*HI*967014001~REF*TJ*812344400~LX*1~CLP*0*1*85*85**13*06   050121 04065 00001*11~NM1*QC*1*STEFFE*ZOE*A***MI*1108365~NM1*IL*1*STEFFE*ZOE*A***MI*1108365~NM1*82*2*LINARES, DAVID*****XX*1699008045~REF*1W*1108365~REF*1J*E202862~SVC*HC:AEA:60*85*85**1**1~DTM*472*20210430~REF*6R*001~AMT*B6*85~SE*24*846418939~GE*1*1~IEA*1*013217863~