ISA*00*          *00*          *ZZ*330897513      *ZZ*MEDBOSSC       *211001*1204*^*00501*877074862*0*P*:~GS*HP*330897513*MEDBOSSC*20211001*1204*877074862*X*005010X221A1~ST*835*0001~BPR*I*60*C*ACH*CCP*01*051404260*DA*252781161*1541414194**01*321370765*DA*8102075433*20211004~TRN*1*0000532998*1541414194~N1*PR*BEACON HEALTH OPTIONS, INC.~N3*ATTN FINANCE DEPT~N4*NORFOLK*VA*23502~REF*2U*FDX~PER*BL*VALUEOPTIONS EDI HELPDESK*TE*8882479311*EM*ESUPPORTSERVICES@VALUEOPTIONS.COM~N1*PE*SERENITY COUNSELING SERVICES H*XX*1699008045~N3*10641 WINDSMONT CT~N4*LEHIGH ACRES*FL*339367268~REF*TJ*812344400~LX*1~CLP*0*1*60*60**13*06   092321 08567 00026*11~NM1*QC*1*TRAINING*PROVIDER****MI*MOSD0001331~NM1*IL*1*TRAINING*PROVIDER****MI*MOSD0001331~NM1*82*2*LINARES, DAVID*****XX*1699008045~REF*1J*E824169~SVC*HC:MOSTP*60*60~DTM*472*20210919~REF*6R*001~AMT*B6*60~SE*23*0001~ST*835*0002~BPR*H*0*C*NON************20211004~TRN*1*6000045798*1541414194~N1*PR*BEACON HEALTH OPTIONS, INC.~N3*ATTN FINANCE DEPT~N4*NORFOLK*VA*23502~REF*2U*FDX~PER*BL*VALUEOPTIONS EDI HELPDESK*TE*8882479311*EM*ESUPPORTSERVICES@VALUEOPTIONS.COM~N1*PE*SERENITY COUNSELING SERVICES H*XX*1699008045~N3*10641 WINDSMONT CT~N4*LEHIGH ACRES*FL*339367268~REF*TJ*812344400~LX*1~CLP*0*4*60*0**13*06   092421 04065 00431*11~NM1*QC*1*GAITHER*ANDREW*J***MI*1102587~NM1*IL*1*GAITHER*ANDREW*J***MI*1102587~NM1*82*2*LINARES, DAVID*****XX*1699008045~REF*1W*1102587~REF*1J*E824169~SVC*HC:AEA:60*60*0~DTM*472*20210924~CAS*CO*16*60~REF*6R*001~LQ*HE*N54~SE*25*0002~ST*835*0003~BPR*I*255*C*ACH*CCP*01*051404260*DA*252781161*1541414194**01*321370765*DA*8102075433*20211004~TRN*1*0000532709*1541414194~N1*PR*BEACON HEALTH OPTIONS, INC.~N3*ATTN FINANCE DEPT~N4*NORFOLK*VA*23502~REF*2U*FDX~PER*BL*VALUEOPTIONS EDI HELPDESK*TE*8882479311*EM*ESUPPORTSERVICES@VALUEOPTIONS.COM~N1*PE*SERENITY COUNSELING SERVICES H*XX*1699008045~N3*10641 WINDSMONT CT~N4*LEHIGH ACRES*FL*339367268~REF*TJ*812344400~LX*1~CLP*0*1*60*85**13*06   092521 04065 00154*11~NM1*QC*1*MATERIALE*KATELYN*N***MI*1124663~NM1*IL*1*MATERIALE*KATELYN*N***MI*1124663~NM1*82*2*LINARES, DAVID*****XX*1699008045~REF*1W*1124663~REF*1J*E824169~SVC*HC:AEA:60*60*85~DTM*472*20210925~REF*6R*001~AMT*B6*85~CLP*0*1*60*85**13*06   092421 04065 00411*11~NM1*QC*1*RATHE*BROOKE*J***MI*1123559~NM1*IL*1*RATHE*BROOKE*J***MI*1123559~NM1*82*2*LINARES, DAVID*****XX*1699008045~REF*1W*1123559~REF*1J*E824169~SVC*HC:AEA:60*60*85~DTM*472*20210924~REF*6R*001~AMT*B6*85~CLP*0*1*60*85**13*06   092521 04065 00188*11~NM1*QC*1*WELLER*JEFFREY*W***MI*1143611~NM1*IL*1*WELLER*JEFFREY*W***MI*1143611~NM1*82*2*LINARES, DAVID*****XX*1699008045~REF*1W*1143611~REF*1J*E824169~SVC*HC:AEA:60*60*85~DTM*472*20210925~REF*6R*001~AMT*B6*85~SE*44*0003~ST*835*0004~BPR*I*425*C*ACH*CCP*01*051404260*DA*252781161*1541414194**01*321370765*DA*8102075433*20211004~TRN*1*0000531773*1541414194~N1*PR*BEACON HEALTH OPTIONS, INC.~N3*ATTN FINANCE DEPT~N4*NORFOLK*VA*23502~REF*2U*FDX~PER*BL*VALUEOPTIONS EDI HELPDESK*TE*8882479311*EM*ESUPPORTSERVICES@VALUEOPTIONS.COM~N1*PE*SERENITY COUNSELING SERVICES H*XX*1699008045~N3*10641 WINDSMONT CT~N4*LEHIGH ACRES*FL*339367268~REF*TJ*812344400~LX*1~CLP*0*1*60*85**13*06   092521 04065 00173*11~NM1*QC*1*AZOCAR*ESTEVAN****MI*1001652~NM1*IL*1*AZOCAR*ESTEVAN****MI*1001652~NM1*82*2*LINARES, DAVID*****XX*1699008045~REF*1W*1001652~REF*1J*E824169~SVC*HC:AEA:60*60*85~DTM*472*20210925~REF*6R*001~AMT*B6*85~CLP*0*1*60*85**13*06   092521 04065 00174*11~NM1*QC*1*CHAN*MONICA*M***MI*833265~NM1*IL*1*CHAN*MONICA*M***MI*833265~NM1*82*2*LINARES, DAVID*****XX*1699008045~REF*1W*833265~REF*1J*E824169~SVC*HC:AEA:60*60*85~DTM*472*20210925~REF*6R*001~AMT*B6*85~CLP*0*1*60*85**13*06   092721 04065 00468*11~NM1*QC*1*CORTEZ*MARTIN*D***MI*1134561~NM1*IL*1*CORTEZ*MARTIN*D***MI*1134561~NM1*82*2*LINARES, DAVID*****XX*1699008045~REF*1W*1134561~REF*1J*E824169~SVC*HC:AEA:60*60*85~DTM*472*20210927~REF*6R*001~AMT*B6*85~CLP*0*1*60*85**13*06   092421 04065 00341*11~NM1*QC*1*CUI*BAJUN*M***MI*908655~NM1*IL*1*CUI*BAJUN*M***MI*908655~NM1*82*2*LINARES, DAVID*****XX*1699008045~REF*1W*908655~REF*1J*E824169~SVC*HC:AEA:60*60*85~DTM*472*20210924~REF*6R*001~AMT*B6*85~CLP*0*4*60*0**13*06   092421 04065 00428*11~NM1*QC*1*NITCHOLAS*DEREK*W***MI*166753~NM1*IL*1*NITCHOLAS*DEREK*W***MI*166753~NM1*82*2*LINARES, DAVID*****XX*1699008045~REF*1W*166753~REF*1J*E824169~SVC*HC:AEA:60*60*0~DTM*472*20210924~CAS*CO*16*60~REF*6R*001~LQ*HE*N54~CLP*0*1*60*85**13*06   092421 04065 00365*11~NM1*QC*1*ORAVETZ*LOGAN*S***MI*1149764~NM1*IL*1*ORAVETZ*LOGAN*S***MI*1149764~NM1*82*2*LINARES, DAVID*****XX*1699008045~REF*1W*1149764~REF*1J*E824169~SVC*HC:AEA:60*60*85~DTM*472*20210924~REF*6R*001~AMT*B6*85~SE*75*0004~GE*4*877074862~IEA*1*877074862~