ISA*00*          *00*          *ZZ*330897513      *ZZ*MEDBOSSC       *211015*0706*^*00501*881934275*0*P*:~GS*HP*330897513*MEDBOSSC*20211015*0706*881934275*X*005010X221A1~ST*835*0001~BPR*I*85.77*C*ACH*CCP*01*043301627*DA*1077670664*1571132733*000000000*01*321370765*DA*8102075433*20211018~TRN*1*5041538286TR2*1571132733*000000000~REF*EV*7GW0013CA3~REF*F2*1588011043    R88011013003702~DTM*405*20211013~N1*PR*PGBA,LLC~N3*TRICARE WEST REGION CLAIMS*P.O. BOX 202112~N4*FLORENCE*SC*295022112~PER*CX*TRICARE WEST REGION CLAIMS CORRESPONDENCE*TE*8448669378~PER*BL*TRICARE ELECTRONIC CLAIMS SERVICE CENTER*TE*8003255920~N1*PE*SERENITY COUNSELING SERVICES*XX*1588011043~N3*201*99-149 MOANALUA RD~N4*AIEA*HI*96701~REF*TJ*812344400~LX*1~CLP*575-5404*1*120*34.59*34.59*CH*H285X0H3C0000*02*1~NM1*QC*1*TEASLEY*SHAWN*D***HN*575-5404~NM1*IL*1*TEASLEY*SHAWN*D***MI*168569361~DTM*050*20211012~AMT*AU*69.18~SVC*HC:90834:95*120*34.59~DTM*472*20211011~CAS*CO*242*50.82~CAS*PR*2*34.59~REF*6R*694575-5404~AMT*B6*69.18~LQ*HE*N212~LX*2~CLP*2034-5413*1*150*51.18*51.17*CH*H285X4WBD0000*02*1~NM1*QC*1*REINHARDT*MICHELLE*R***HN*2034-5413~NM1*IL*1*COX*JAMES*R***MI*405355700~NM1*82*1*PLAYTER*AILEEN*T***XX*1013394097~REF*1H*575843780~DTM*050*20211012~AMT*AU*102.35~SVC*HC:90837:95*150*51.18~DTM*472*20211011~CAS*CO*242*47.65~CAS*PR*2*51.17~REF*6R*7052034-5413~AMT*B6*102.35~LQ*HE*N212~LX*3~CLP*2108-5417*1*120*0*120*CH*H285X4WBH0000*02*1~NM1*QC*1*CRUZ LANDRO*MARIA ESPER****HN*2108-5417~NM1*IL*1*LANDRO*FREDERICK****MI*00340076509~NM1*82*1*PLAYTER*AILEEN*T***XX*1013394097~REF*1H*575843780~DTM*050*20211012~SVC*HC:90834:95*120*0~DTM*472*20211011~CAS*PR*16*120~REF*6R*7062108-5417~LQ*HE*N382~SE*56*0001~GE*1*881934275~IEA*1*881934275~