ISA*00*          *00*          *ZZ*330897513      *ZZ*MEDBOSSC       *211104*0250*^*00501*889031124*0*P*:~GS*HP*330897513*MEDBOSSC*20211104*0250*889031124*X*005010X221A1~ST*835*0001~BPR*I*68.38*C*ACH*CCP*01*121301015*DA*01076140*1990040115**01*321370765*DA*8102075433*20211104~TRN*1*2010906*1990040115~REF*F2*5.40~DTM*405*20211029~N1*PR*HAWAII MEDICAL SERVICE ASSOCIATION~N3*818 KEEAUMOKU ST~N4*HONOLULU*HI*96814~PER*BL*ETS*TE*8089486355~N1*PE*SERENITY COUNSELING SERVICES HAWAII LLC*XX*1588011043~REF*TJ*812344400~LX*1~CLP*412-3165*1*150*0**MC*21266E002404*02~NM1*QC*1*BASQUES-RODGERS*KEOLA****MI*0002129504~NM1*74*1***J~NM1*82*2*MATSUMOTO*****XX*1427398312~DTM*232*20210725~DTM*233*20210725~DTM*050*20210922~SVC*HC:90837:95*150*0~CAS*OA*18*150~REF*6R*806412-3165~LQ*HE*N522~CLP*412-4965*1*120*68.38**MC*21270E003116*02~NM1*QC*1*BASQUES-RODGERS*KEOLA****MI*0002129504~NM1*74*1***J~NM1*82*2*MATSUMOTO*****XX*1427398312~DTM*232*20210829~DTM*233*20210829~DTM*050*20210926~AMT*AU*68.38~SVC*HC:90834:95*120*68.38~CAS*CO*45*51.62~REF*6R*612412-4965~AMT*B6*68.38~SE*36*0001~GE*1*889031124~IEA*1*889031124~