ISA*00*          *00*          *ZZ*330897513      *ZZ*MEDBOSSC       *211014*0241*^*00501*881701173*0*P*:~GS*HP*330897513*MEDBOSSC*20211014*0241*881701173*X*005010X221A1~ST*835*0001~BPR*I*149.36*C*ACH*CCP*01*121301015*DA*01-015559*1990040115**01*321370765*DA*81020-75433*20211018~TRN*1*4177133*1990040115~N1*PR*HAWAII MEDICAL SERVICE ASSOCIATION~N3*P.O. BOX 1346~N4*HONOLULU*HI*96807~PER*BL*ETS*TE*8089486355~N1*PE*SERENITY COUNSELING SERVICES HAWAII*XX*1588011043~N3*10641 WINDSMOUNT CT~N4*LEHIGH ACRES*FL*33936~REF*TJ*812344400~LX*1~CLP*559-5229*1*120*74.68*30*12*F11278770947~NM1*QC*1*THOMAS*SARAH****MI*R60652621~NM1*IL*1*THOMAS*SARAH*E***MI*R60652621~NM1*82*1*LINARES*DAVID****XX*1699008045~DTM*232*20211001~AMT*AU*120~SVC*HC:90834:95*120*74.68~CAS*CO*45*15.32~CAS*PR*3*30~REF*6R*438559-5229~AMT*B6*104.68~CLP*559-5357*1*120*74.68*30*12*F11284959082~NM1*QC*1*THOMAS*SARAH****MI*R60652621~NM1*IL*1*THOMAS*SARAH*E***MI*R60652621~NM1*82*1*LINARES*DAVID****XX*1699008045~DTM*232*20211008~AMT*AU*120~SVC*HC:90834:95*120*74.68~CAS*CO*45*15.32~CAS*PR*3*30~REF*6R*073559-5357~AMT*B6*104.68~SE*35*0001~GE*1*881701173~IEA*1*881701173~