ISA*00*          *00*          *ZZ*330897513      *ZZ*MEDBOSSC       *210916*0844*^*00501*872017704*0*P*:~GS*HP*330897513*MEDBOSSC*20210916*0844*872017704*X*005010X221A1~ST*835*0001~BPR*I*795.1*C*ACH*CCP*01*031202770*DA*8026485161*1841160004*000000000*01*321370765*DA*8102075433*20210917~TRN*1*5403505257VT1*1860813402*000000000~REF*EV*7GW1459CA3~REF*F2*1588011043    R35010914001676~DTM*405*20210914~N1*PR*TRIWEST HEALTHCARE ALLIANCE~N3*PO BOX 42270~N4*PHOENIX*AZ*850802270~PER*CX**TE*8772268749~PER*BL*VA CCN PROVIDER SERVICES*TE*8889017407~PER*IC**UR*WWW.VACOMMUNITYCARE.COM~N1*PE*DAVID LINARES*XX*1588011043~N3*APT 3U*94-1261 LUMIKULA ST~N4*WAIPAHU*HI*96797~REF*TJ*812344400~LX*1~CLP*661-3385*1*120*0**VA*H215X0YGB0000*11*1~NM1*QC*1*ACOSTA*FRANCISCO****MI*1019439390V597194~DTM*050*20210803~SVC*HC:90834:95*120*0~DTM*472*20210715~CAS*CO*288*120~REF*6R*269661-3385~LQ*HE*N489~LX*2~CLP*661-3389*1*120*0**VA*H215X0YGC0000*11*1~NM1*QC*1*ACOSTA*FRANCISCO****MI*1019439390V597194~DTM*050*20210803~SVC*HC:90834:95*120*0~DTM*472*20210730~CAS*CO*288*120~REF*6R*270661-3389~LQ*HE*N489~LX*3~CLP*661-3367*1*120*79.51**VA*H215X0YG80000*11*1~NM1*QC*1*ACOSTA*FRANCISCO****MI*1019439390V597194~DTM*050*20210803~AMT*AU*79.51~SVC*HC:90834:95*120*79.51~DTM*472*20210630~CAS*CO*45*40.49~REF*6R*262661-3367~AMT*B6*79.51~LX*4~CLP*661-3383*1*120*0**VA*H215X0YG90000*11*1~NM1*QC*1*ACOSTA*FRANCISCO****MI*1019439390V597194~DTM*050*20210803~SVC*HC:90834:95*120*0~DTM*472*20210707~CAS*CO*288*120~REF*6R*268661-3383~LQ*HE*N489~LX*5~CLP*625-3419*1*120*0**VA*H215X0YJG0000*11*1~NM1*QC*1*BOTELLO*ISIS****MI*763121590~DTM*050*20210803~SVC*HC:90834:95*120*0~DTM*472*20210630~CAS*CO*288*120~REF*6R*043625-3419~LQ*HE*N489~LX*6~CLP*625-3421*1*120*0**VA*H215X0YJH0000*11*1~NM1*QC*1*BOTELLO*ISIS****MI*763121590~DTM*050*20210803~SVC*HC:90834:95*120*0~DTM*472*20210705~CAS*CO*288*120~REF*6R*045625-3421~LQ*HE*N489~LX*7~CLP*642-3441*1*120*0**VA*H215X0YJJ0000*11*1~NM1*QC*1*COLEMAN*LOREN*A***MI*757179272~DTM*050*20210803~SVC*HC:90834:95*120*0~DTM*472*20210728~CAS*CO*288*120~REF*6R*047642-3441~LQ*HE*N489~LX*8~CLP*642-3445*1*120*0**VA*H215X0YJK0000*02*1~NM1*QC*1*COLEMAN*LOREN*A***MI*757179272~DTM*050*20210803~SVC*HC:90834:95*120*0~DTM*472*20210714~CAS*CO*288*120~REF*6R*049642-3445~LQ*HE*N489~LX*9~CLP*661-3387*1*120*0**VA*H215X0YJL0000*02*1~NM1*QC*1*ACOSTA*FRANCISCO****MI*1019439390V597194~DTM*050*20210803~SVC*HC:90834:95*120*0~DTM*472*20210724~CAS*CO*288*120~REF*6R*454661-3387~LQ*HE*N489~LX*10~CLP*642-3443*1*120*0**VA*H215X0YMH0000*11*1~NM1*QC*1*COLEMAN*LOREN*A***MI*757179272~DTM*050*20210803~SVC*HC:90834:95*120*0~DTM*472*20210721~CAS*CO*288*120~REF*6R*437642-3443~LQ*HE*N489~LX*11~CLP*642-3447*1*120*0**VA*H215X0YMJ0000*11*1~NM1*QC*1*COLEMAN*LOREN*A***MI*757179272~DTM*050*20210803~SVC*HC:90834:95*120*0~DTM*472*20210630~CAS*CO*288*120~REF*6R*438642-3447~LQ*HE*N489~LX*12~CLP*637-3463*1*120*0**VA*H215X0YPB0000*11*1~NM1*QC*1*JORGE*VINCENTE*C***MI*757182140~DTM*050*20210803~SVC*HC:90834:95*120*0~DTM*472*20210719~CAS*CO*288*120~REF*6R*069637-3463~LQ*HE*N489~LX*13~CLP*637-3466*1*120*0**VA*H215X0YPC0000*11*1~NM1*QC*1*JORGE*VINCENTE*C***MI*757182140~DTM*050*20210803~SVC*HC:90834:95*120*0~DTM*472*20210726~CAS*CO*288*120~REF*6R*070637-3466~LQ*HE*N489~LX*14~CLP*637-3460*1*120*0**VA*H215X0YP90000*11*1~NM1*QC*1*JORGE*VINCENTE*C***MI*757182140~DTM*050*20210803~SVC*HC:90834:95*120*0~DTM*472*20210715~CAS*CO*288*120~REF*6R*068637-3460~LQ*HE*N489~LX*15~CLP*643-3519*1*120*0**VA*H217X1M3X0000*11*1~NM1*QC*1*MACEDO*SAMUEL****MI*757136824~DTM*050*20210805~SVC*HC:90834:95*120*0~DTM*472*20210707~CAS*CO*288*120~REF*6R*643643-3519~LQ*HE*N489~LX*16~CLP*643-3522*1*120*0**VA*H217X1M3Y0000*11*1~NM1*QC*1*MACEDO*SAMUEL****MI*757136824~DTM*050*20210805~SVC*HC:90834:95*120*0~DTM*472*20210714~CAS*CO*288*120~REF*6R*644643-3522~LQ*HE*N489~LX*17~CLP*643-3532*1*120*0**VA*H217X1M3Z0000*11*1~NM1*QC*1*MACEDO*SAMUEL****MI*757136824~DTM*050*20210805~SVC*HC:90834:95*120*0~DTM*472*20210721~CAS*CO*288*120~REF*6R*645643-3532~LQ*HE*N489~LX*18~CLP*637-3719*1*120*0**VA*H239X0WJY0000*11*1~NM1*QC*1*JORGE*VINCENTE*C***MI*757182140~DTM*050*20210827~SVC*HC:90834:95*120*0~DTM*472*20210809~CAS*CO*288*120~REF*6R*653637-3719~LQ*HE*N489~LX*19~CLP*623-3721*1*120*0**VA*H239X0WJZ0000*11*1~NM1*QC*1*BARRERA*DANNY****MI*757156392~DTM*050*20210827~SVC*HC:90834:95*120*0~DTM*472*20210809~CAS*CO*288*120~REF*6R*654623-3721~LQ*HE*N489~LX*20~CLP*623-3729*1*120*0**VA*H239X0WK00000*11*1~NM1*QC*1*BARRERA*DANNY****MI*757156392~DTM*050*20210827~SVC*HC:90834:95*120*0~DTM*472*20210727~CAS*CO*288*120~REF*6R*655623-3729~LQ*HE*N489~LX*21~CLP*735-3557*1*120*0**VA*H242X0FBZ0000*11*1~NM1*QC*1*ROGERS*ZACHARY****MI*755870714~DTM*050*20210830~SVC*HC:90834:95*120*0~DTM*472*20210729~CAS*CO*288*120~REF*6R*699735-3557~LQ*HE*N489~LX*22~CLP*623-3723*1*120*0**VA*H242X0FJG0000*11*1~NM1*QC*1*BARRERA*DANNY****MI*757156392~DTM*050*20210830~SVC*HC:90834:95*120*0~DTM*472*20210705~CAS*CO*288*120~REF*6R*848623-3723~LQ*HE*N489~LX*23~CLP*623-3725*1*120*0**VA*H242X0FJH0000*11*1~NM1*QC*1*BARRERA*DANNY****MI*757156392~DTM*050*20210830~SVC*HC:90834:95*120*0~DTM*472*20210719~CAS*CO*288*120~REF*6R*849623-3725~LQ*HE*N489~LX*24~CLP*654-3860*1*120*79.51**VA*H242X0FJV0000*11*1~NM1*QC*1*WILLIAMS*ARIANA****MI*1018252537V228283~DTM*050*20210830~AMT*AU*79.51~SVC*HC:90834:95*120*79.51~DTM*472*20210804~CAS*CO*45*40.49~REF*6R*135654-3860~AMT*B6*79.51~LX*25~CLP*661-3866*1*120*0**VA*H242X0FJW0000*11*1~NM1*QC*1*ACOSTA*FRANCISCO****MI*1019439390V597194~DTM*050*20210830~SVC*HC:90834:95*120*0~DTM*472*20210810~CAS*CO*288*120~REF*6R*136661-3866~LQ*HE*N489~LX*26~CLP*661-3862*1*120*0**VA*H242X0FJY0000*02*1~NM1*QC*1*ACOSTA*FRANCISCO****MI*1019439390V597194~DTM*050*20210830~SVC*HC:90834:95*120*0~DTM*472*20210804~CAS*CO*288*120~REF*6R*796661-3862~LQ*HE*N489~LX*27~CLP*660-3876*1*120*0**VA*H242X0FJZ0000*02*1~NM1*QC*1*BESTWICK*PAUL*A***MI*757536353~DTM*050*20210830~SVC*HC:90834:95*120*0~DTM*472*20210811~CAS*CO*288*120~REF*6R*797660-3876~LQ*HE*N489~LX*28~CLP*642-3969*1*120*0**VA*H242X0FKB0000*02*1~NM1*QC*1*COLEMAN*LOREN*A***MI*757179272~DTM*050*20210830~SVC*HC:90834:95*120*0~DTM*472*20210811~CAS*CO*288*120~REF*6R*511642-3969~LQ*HE*N489~LX*29~CLP*642-3971*1*120*0**VA*H242X0FKC0000*11*1~NM1*QC*1*COLEMAN*LOREN*A***MI*757179272~DTM*050*20210830~SVC*HC:90834:95*120*0~DTM*472*20210818~CAS*CO*288*120~REF*6R*512642-3971~LQ*HE*N489~LX*30~CLP*816-3975*1*120*79.51**VA*H242X0FKF0000*11*1~NM1*QC*1*PEDERSON*JANET****MI*1018315345V659698~DTM*050*20210830~AMT*AU*79.51~SVC*HC:90834:95*120*79.51~DTM*472*20210806~CAS*CO*45*40.49~REF*6R*514816-3975~AMT*B6*79.51~LX*31~CLP*816-3977*1*120*79.51**VA*H242X0FKG0000*11*1~NM1*QC*1*PEDERSON*JANET****MI*1018315345V659698~DTM*050*20210830~AMT*AU*79.51~SVC*HC:90834:95*120*79.51~DTM*472*20210812~CAS*CO*45*40.49~REF*6R*515816-3977~AMT*B6*79.51~LX*32~CLP*816-3979*1*120*79.51**VA*H242X0FKH0000*11*1~NM1*QC*1*PEDERSON*JANET****MI*1018315345V659698~DTM*050*20210830~AMT*AU*79.51~SVC*HC:90834:95*120*79.51~DTM*472*20210819~CAS*CO*45*40.49~REF*6R*516816-3979~AMT*B6*79.51~LX*33~CLP*637-3993*1*120*0**VA*H242X0FKJ0000*11*1~NM1*QC*1*JORGE*VINCENTE*C***MI*757182140~DTM*050*20210830~SVC*HC:90834:95*120*0~DTM*472*20210802~CAS*CO*288*120~REF*6R*523637-3993~LQ*HE*N489~LX*34~CLP*637-3995*1*120*0**VA*H242X0FKK0000*11*1~NM1*QC*1*JORGE*VINCENTE*C***MI*757182140~DTM*050*20210830~SVC*HC:90834:95*120*0~DTM*472*20210816~CAS*CO*288*120~REF*6R*524637-3995~LQ*HE*N489~LX*35~CLP*735-2304*1*120*79.51**VA*H242X0FK50000*11*1~NM1*QC*1*ROGERS*ZACHARY****MI*1016063346V241929~DTM*050*20210830~AMT*AU*79.51~SVC*HC:90834:95*120*79.51~DTM*472*20210624~CAS*CO*45*40.49~REF*6R*389735-2304~AMT*B6*79.51~LX*36~CLP*660-3963*1*120*0**VA*H242X0FK70000*11*1~NM1*QC*1*BESTWICK*PAUL*A***MI*757536353~DTM*050*20210830~SVC*HC:90834:95*120*0~DTM*472*20210817~CAS*CO*288*120~REF*6R*508660-3963~LQ*HE*N489~LX*37~CLP*660-3965*1*120*0**VA*H242X0FK80000*11*1~NM1*QC*1*BESTWICK*PAUL*A***MI*757536353~DTM*050*20210830~SVC*HC:90834:95*120*0~DTM*472*20210728~CAS*CO*288*120~REF*6R*509660-3965~LQ*HE*N489~LX*38~CLP*642-3967*1*120*0**VA*H242X0FK90000*11*1~NM1*QC*1*COLEMAN*LOREN*A***MI*757179272~DTM*050*20210830~SVC*HC:90834:95*120*0~DTM*472*20210806~CAS*CO*288*120~REF*6R*510642-3967~LQ*HE*N489~LX*39~CLP*629-3711*1*120*79.51**VA*H242X0G6T0000*11*1~NM1*QC*1*GARRETT*GUNNAR****MI*1003957900V407664~DTM*050*20210830~AMT*AU*79.51~SVC*HC:90834:95*120*79.51~DTM*472*20210622~CAS*CO*45*40.49~REF*6R*024629-3711~AMT*B6*79.51~LX*40~CLP*629-3713*1*120*79.51**VA*H242X0G6V0000*11*1~NM1*QC*1*GARRETT*GUNNAR****MI*1003957900V407664~DTM*050*20210830~AMT*AU*79.51~SVC*HC:90834:95*120*79.51~DTM*472*20210706~CAS*CO*45*40.49~REF*6R*025629-3713~AMT*B6*79.51~LX*41~CLP*629-3715*1*120*79.51**VA*H242X0G6W0000*11*1~NM1*QC*1*GARRETT*GUNNAR****MI*1003957900V407664~DTM*050*20210830~AMT*AU*79.51~SVC*HC:90834:95*120*79.51~DTM*472*20210720~CAS*CO*45*40.49~REF*6R*026629-3715~AMT*B6*79.51~LX*42~CLP*591-2236*1*120*0**VA*H243X1D6C0000*11*1~NM1*QC*1*READ*HOLLIS****MI*634460299~DTM*050*20210831~SVC*HC:90834:95*120*0~DTM*472*20210623~CAS*CO*288*120~REF*6R*044591-2236~LQ*HE*N489~LX*43~CLP*591-2838*1*120*0**VA*H243X1D6D0000*11*1~NM1*QC*1*READ*HOLLIS****MI*634460299~DTM*050*20210831~SVC*HC:90834:95*120*0~DTM*472*20210630~CAS*CO*288*120~REF*6R*045591-2838~LQ*HE*N489~LX*44~CLP*591-2840*1*120*0**VA*H243X1D6F0000*11*1~NM1*QC*1*READ*HOLLIS****MI*634460299~DTM*050*20210831~SVC*HC:90834:95*120*0~DTM*472*20210707~CAS*CO*288*120~REF*6R*046591-2840~LQ*HE*N489~LX*45~CLP*591-2925*1*120*0**VA*H243X1D6G0000*11*1~NM1*QC*1*READ*HOLLIS****MI*634460299~DTM*050*20210831~SVC*HC:90834:95*120*0~DTM*472*20210714~CAS*CO*288*120~REF*6R*047591-2925~LQ*HE*N489~LX*46~CLP*591-3068*1*120*0**VA*H243X1D6H0000*11*1~NM1*QC*1*READ*HOLLIS****MI*634460299~DTM*050*20210831~SVC*HC:90834:95*120*0~DTM*472*20210721~CAS*CO*288*120~REF*6R*048591-3068~LQ*HE*N489~LX*47~CLP*591-3271*1*120*0**VA*H243X1D6J0000*11*1~NM1*QC*1*READ*HOLLIS****MI*634460299~DTM*050*20210831~SVC*HC:90834:95*120*0~DTM*472*20210728~CAS*CO*288*120~REF*6R*049591-3271~LQ*HE*N489~LX*48~CLP*591-3546*1*120*0**VA*H243X1D6K0000*11*1~NM1*QC*1*READ*HOLLIS****MI*634460299~DTM*050*20210831~SVC*HC:90834:95*120*0~DTM*472*20210802~CAS*CO*288*120~REF*6R*050591-3546~LQ*HE*N489~LX*49~CLP*733-2306*1*120*79.51**VA*H243X1D6Q0000*11*1~NM1*QC*1*VALENCIA*DEISY****MI*1019069491V594555~DTM*050*20210831~AMT*AU*79.51~SVC*HC:90834:95*120*79.51~DTM*472*20210624~CAS*CO*45*40.49~REF*6R*055733-2306~AMT*B6*79.51~SE*468*0001~GE*1*872017704~IEA*1*872017704~