ISA*00*          *00*          *30*593259342      *30*812344400      *210602*1107*{*00501*013254252*0*P*:~GS*HP*990309519*812344400*20210602*1107*1*X*005010X221A1~ST*835*840527962~BPR*I*72.93*C*ACH*CCP*01*121301028*DA*0006883451*1990309519**01*321370765*DA*8102075433*20210505~TRN*1*30220511*1990309519~DTM*405*20210503~N1*PR*AlohaCare~N3*1357 Kapiolani Blvd*Suite 1250~N4*Honolulu*HI*96814~REF*2U*Medicaid752777124~PER*BL*AlohaCare EDI*TE*8089731650*EM*EDI@alohacare.org~N1*PE*SERENITY COUNSELING SERVICES HAWAII*XX*1588011043~N3*99-149 MOANALUA RD RM 201~N4*AIEA*HI*96701~REF*TJ*812344400~LX*1~CLP*928481844*1*150*72.93**MC*2111992963*11*1~NM1*QC*1*MINNICK*BRADY****MI*0002299534~NM1*82*1*PLAYTER*AILEEN*T***XX*1013394097~DTM*232*20210420~DTM*233*20210420~AMT*AU*72.93~SVC*HC:90847:95*150*72.93**1~DTM*472*20210420~CAS*CO*45*77.07~REF*6R*928908001~AMT*B6*72.93~SE*26*840527962~GE*1*1~IEA*1*013254252~