ISA*00*          *00*          *ZZ*330897513      *ZZ*MEDBOSSC       *211113*0828*^*00501*892108760*0*P*:~GS*HP*330897513*MEDBOSSC*20211113*0828*892108760*X*005010X221A1~ST*835*0001~BPR*I*138.34*C*ACH*CCP*01*031202770*DA*8026501176*1841160004*000000000*01*321370765*DA*8102075433*20211116~TRN*1*5463223315VT2*1860813402*000000000~REF*EV*7GW1459CA3~REF*F2*1588011043    R35011111002543~DTM*405*20211111~N1*PR*TRIWEST HEALTHCARE ALLIANCE~N3*PO BOX 42270~N4*PHOENIX*AZ*850802270~PER*CX**TE*8772268749~PER*BL*VA CCN PROVIDER SERVICES*TE*8002590264~PER*IC**UR*WWW.TRIWEST.COM~N1*PE*DAVID LINARES*XX*1588011043~N3*APT 3U*94-1261 LUMIKULA ST~N4*WAIPAHU*HI*96797~REF*TJ*812344400~LX*1~CLP*603-3040*22*-120*-78.14**VA*H229X4X3Y0000*11*7~NM1*QC*1*AYERS*JERAME****MI*1003726487V072972~SVC*HC:90847:95*-120*-78.14~DTM*472*20210719~CAS*CO*45*-41.86~LX*2~CLP*603-3040*1*120*78.14**VA*H229X4X3Y0001*11*7~NM1*QC*1*AYERS*JERAME****MI*1003726487V072972~REF*F8*H229X4X3Y0000~DTM*050*20210817~AMT*AU*78.14~SVC*HC:90847:95*120*78.14~DTM*472*20210719~CAS*CO*45*41.86~AMT*B6*78.14~LX*3~CLP*642-6224*1*120*0**VA*H314X1G1B0000*02*1~NM1*QC*1*COLEMAN*LOREN*A***MI*757179272~DTM*050*20211110~SVC*HC:90834:95*120*0~DTM*472*20210616~CAS*CO*288*120~REF*6R*372642-6224~LQ*HE*N489~LX*4~CLP*642-6226*1*120*0**VA*H314X1G1C0000*02*1~NM1*QC*1*COLEMAN*LOREN*A***MI*757179272~DTM*050*20211110~SVC*HC:90834:95*120*0~DTM*472*20210623~CAS*CO*288*120~REF*6R*373642-6226~LQ*HE*N489~LX*5~CLP*654-2354*1*120*0**VA*H314X1G1D0000*02*1~NM1*QC*1*WILLIAMS*ARIANA****MI*1018252537V228283~DTM*050*20211110~SVC*HC:90834:95*120*0~DTM*472*20210426~CAS*CO*29*120~REF*6R*374654-2354~LX*6~CLP*654-6206*1*120*69.17**VA*H314X1G1F0000*02*1~NM1*QC*1*WILLIAMS*ARIANA****MI*1018252537V228283~DTM*050*20211110~AMT*AU*69.17~SVC*HC:90834:95*120*69.17~DTM*472*20210608~CAS*CO*45*50.83~REF*6R*375654-6206~AMT*B6*69.17~LX*7~CLP*654-6216*1*120*69.17**VA*H314X1G1G0000*02*1~NM1*QC*1*WILLIAMS*ARIANA****MI*1018252537V228283~DTM*050*20211110~AMT*AU*69.17~SVC*HC:90834:95*120*69.17~DTM*472*20210601~CAS*CO*45*50.83~REF*6R*376654-6216~AMT*B6*69.17~LX*8~CLP*642-6222*1*120*0**VA*H314X1G190000*02*1~NM1*QC*1*COLEMAN*LOREN*A***MI*757179272~DTM*050*20211110~SVC*HC:90834:95*120*0~DTM*472*20210609~CAS*CO*288*120~REF*6R*371642-6222~LQ*HE*N489~LX*9~CLP*750-6168*1*150*0**VA*H314X1HGW0000*02*1~NM1*QC*1*TRAVIS*RUNNELS****MI*758625551~DTM*050*20211110~SVC*HC:90837:95*150*0~DTM*472*20211105~CAS*CO*288*150~REF*6R*520750-6168~LQ*HE*N489~SE*97*0001~GE*1*892108760~IEA*1*892108760~