ISA*00*          *00*          *ZZ*330897513      *ZZ*MEDBOSSC       *210608*1205*^*00501*839566133*0*P*:~GS*HP*330897513*MEDBOSSC*20210608*1205*839566133*X*005010X221A1~ST*835*0001~BPR*I*399.39*C*ACH*CCP*01*121301028*DA*0006883451*1990309519**01*321370765*DA*8102075433*20210609~TRN*1*30228603*1990309519~DTM*405*20210607~N1*PR*ALOHACARE~N3*1357 KAPIOLANI BLVD*SUITE 1250~N4*HONOLULU*HI*96814~REF*2U*MEDICAID752777124~PER*BL*ALOHACARE EDI*TE*8089731650*EM*EDI@ALOHACARE.ORG~N1*PE*SERENITY COUNSELING SERVICES HAWAII*XX*1588011043~N3*99-149 MOANALUA RD RM 201~N4*AIEA*HI*96701~REF*TJ*812344400~LX*1~CLP*928148428*1*190*64.59**MC*2106894554*11*1~NM1*QC*1*MINNICK*BRADY****MI*0002299534~NM1*82*1*PLAYTER*AILEEN*T***XX*1013394097~DTM*232*20201027~DTM*233*20201027~AMT*AU*64.59~SVC*HC:90791:95*190*64.59~DTM*472*20201027~CAS*CO*45*125.41~REF*6R*928285005~AMT*B6*64.59~CLP*928149777*1*175*59.4**MC*2106894565*11*1~NM1*QC*1*MINNICK*BRADY****MI*0002299534~NM1*82*1*PLAYTER*AILEEN*T***XX*1013394097~DTM*232*20201103~DTM*233*20201103~AMT*AU*59.4~SVC*HC:90837:95*175*59.4~DTM*472*20201103~CAS*CO*45*115.6~REF*6R*928287603~AMT*B6*59.4~CLP*928221737*1*120*54**MC*2106894585*11*1~NM1*QC*1*MINNICK*BRADY****MI*0002299534~NM1*82*1*PLAYTER*AILEEN*T***XX*1013394097~DTM*232*20201214~DTM*233*20201214~AMT*AU*54~SVC*HC:90834:95*120*54~DTM*472*20201214~CAS*CO*45*66~REF*6R*928427695~AMT*B6*54~CLP*928334667*1*175*59.4**MC*2106894588*11*1~NM1*QC*1*MINNICK*BRADY****MI*0002299534~NM1*82*1*PLAYTER*AILEEN*T***XX*1013394097~DTM*232*20210125~DTM*233*20210125~AMT*AU*59.4~SVC*HC:90837:95*175*59.4~DTM*472*20210125~CAS*CO*45*115.6~REF*6R*928645564~AMT*B6*59.4~CLP*928167744*1*120*54**MC*2106894621*11*1~NM1*QC*1*MINNICK*BRADY****MI*0002299534~NM1*82*1*PLAYTER*AILEEN*T***XX*1013394097~DTM*232*20201116~DTM*233*20201116~AMT*AU*54~SVC*HC:90834:95*120*54~DTM*472*20201116~CAS*CO*45*66~REF*6R*928324400~AMT*B6*54~CLP*928277545*1*120*54**MC*2106894739*11*1~NM1*QC*1*MINNICK*BRADY****MI*0002299534~NM1*82*1*PLAYTER*AILEEN*T***XX*1013394097~DTM*232*20210108~DTM*233*20210108~AMT*AU*54~SVC*HC:90834:95*120*54~DTM*472*20210108~CAS*CO*45*66~REF*6R*928533969~AMT*B6*54~CLP*928195005*1*120*54**MC*2106894766*11*1~NM1*QC*1*MINNICK*BRADY****MI*0002299534~NM1*82*1*PLAYTER*AILEEN*T***XX*1013394097~DTM*232*20201130~DTM*233*20201130~AMT*AU*54~SVC*HC:90834:95*120*54~DTM*472*20201130~CAS*CO*45*66~REF*6R*928377190~AMT*B6*54~SE*92*0001~GE*1*839566133~IEA*1*839566133~