ISA*00*          *00*          *ZZ*330897513      *ZZ*MEDBOSSC       *211009*0842*^*00501*879912844*0*P*:~GS*HP*330897513*MEDBOSSC*20211009*0842*879912844*X*005010X221A1~ST*835*0001~BPR*I*207.51*C*ACH*CCP*01*031202770*DA*8026501176*1841160004*000000000*01*321370765*DA*8102075433*20211013~TRN*1*5423453280VT2*1860813402*000000000~REF*EV*7GW1459CA3~REF*F2*1588011043    R35011007002544~DTM*405*20211007~N1*PR*TRIWEST HEALTHCARE ALLIANCE~N3*PO BOX 42270~N4*PHOENIX*AZ*850802270~PER*CX**TE*8772268749~PER*BL*VA CCN PROVIDER SERVICES*TE*8002590264~PER*IC**UR*WWW.TRIWEST.COM~N1*PE*DAVID LINARES*XX*1588011043~N3*APT 3U*94-1261 LUMIKULA ST~N4*WAIPAHU*HI*96797~REF*TJ*812344400~LX*1~CLP*661-2427*1*120*69.17**VA*H279X151N0000*02*1~NM1*QC*1*ACOSTA*FRANCISCO****MI*1019439390V597194~DTM*050*20211006~AMT*AU*69.17~SVC*HC:90834:95*120*69.17~DTM*472*20210527~CAS*CO*45*50.83~REF*6R*380661-2427~AMT*B6*69.17~LX*2~CLP*661-2488*1*120*69.17**VA*H279X151P0000*02*1~NM1*QC*1*ACOSTA*FRANCISCO****MI*1019439390V597194~DTM*050*20211006~AMT*AU*69.17~SVC*HC:90834:95*120*69.17~DTM*472*20210429~CAS*CO*45*50.83~REF*6R*381661-2488~AMT*B6*69.17~LX*3~CLP*661-2441*1*120*69.17**VA*H279X17BN0000*02*1~NM1*QC*1*ACOSTA*FRANCISCO****MI*1019439390V597194~DTM*050*20211006~AMT*AU*69.17~SVC*HC:90834:95*120*69.17~DTM*472*20210624~CAS*CO*45*50.83~REF*6R*697661-2441~AMT*B6*69.17~SE*47*0001~GE*1*879912844~IEA*1*879912844~