ISA*00*          *00*          *ZZ*PAYFORMANCE    *ZZ*PAYER          *210617*0606*{*00501*013330951*0*P*:~GS*HP*BEACON HEALTH O*PROVIDERHIS*20210617*0606*1*X*005010X221A1~ST*835*892191842~BPR*I*170*C*ACH*CCP*01*051404260*DA*252781161*1541414194**01*321370765*DA*8102075433*20210607~TRN*1*0000509177*1541414194~N1*PR*Beacon Health Options, Inc.~N3*Attn Finance Dept~N4*Norfolk*VA*23502~REF*2U*FDX~PER*BL*ValueOptions EDI HelpDesk*TE*8882479311*EM*esupportservices@valueoptions.com~N1*PE*SERENITY COUNSELING SERVICES H*XX*1699008045~N3*99-149 MOANALUA RD*STE 201~N4*AIEA*HI*967014001~REF*TJ*812344400~LX*1~CLP*0*4*60*0**13*06   052821 04065 00214*11~NM1*QC*1*BOENSEL*PATRICK*J***MI*1076346~NM1*IL*1*BOENSEL*PATRICK*J***MI*1076346~NM1*82*2*LINARES, DAVID*****XX*1699008045~REF*1W*1076346~REF*1J*E202862~SVC*HC:AEA:60*60*0****1~DTM*472*20210524~CAS*CO*16*60~REF*6R*001~LQ*HE*N54~CLP*0*1*85*85**13*06   052821 04065 00238*11~NM1*QC*1*CAMPBELL*KANDACE*N***MI*1080876~NM1*IL*1*CAMPBELL*KANDACE*N***MI*1080876~NM1*82*2*LINARES, DAVID*****XX*1699008045~REF*1W*1080876~REF*1J*E202862~SVC*HC:AEA:60*85*85**1**1~DTM*472*20210528~REF*6R*001~AMT*B6*85~CLP*0*1*85*85**13*06   052521 04065 00014*11~NM1*QC*1*GILL*MARIA****MI*483874~NM1*IL*1*GILL*MARIA****MI*483874~NM1*82*2*LINARES, DAVID*****XX*1699008045~REF*1W*483874~REF*1J*E202862~SVC*HC:AEA:60*85*85**1**1~DTM*472*20210524~REF*6R*001~AMT*B6*85~SE*45*892191842~GE*1*1~IEA*1*013330951~