ISA*00*          *00*          *ZZ*330897513      *ZZ*MEDBOSSC       *211015*0409*^*00501*881898842*0*P*:~GS*HP*330897513*MEDBOSSC*20211015*0409*881898842*X*005010X221A1~ST*835*0001~BPR*I*40.5*C*BOP**01*041203824*DA*9600149455*1111113627*000004567*01*124384877*DA*62431XXXX*20211013~TRN*1*2021101313000843*1111113627*000004567~REF*EV*BFT220003440~REF*F2*1333~DTM*405*20211011~N1*PR*UNITEDHEALTHCARE INSURANCE COMPANY*XV*04567~N3*UNITEDHEALTHCARE COMMUNITY   STATE*P.O. BOX 5290~N4*KINGSTON*NY*12402~REF*2U*04567~REF*EO*1111113627~PER*CX*UNITEDHEALTHCARE INSURANCE COMPANY*TE*8889808728~PER*BL*UHC ESOLUTIONS COMMUNITY HEALTHPLAN*EM*AC_EDI_OPS@UHC.COM~N1*PE*SERENITY COUNSELING SERVICES HAWAII LLC*XX*1588011043~N3*94-1261 LUMIKULA ST STE 3U~N4*WAIPAHU*HI*967974087~REF*TJ*812344400~LX*1~TS3*006116310001*02*20211231*1*90~CLP*561-5257*1*90*40.5**MC*21L166570800*02*1~NM1*QC*1*ROBIDOUX*ADRIEL****MI*0001238602~NM1*82*1*LINARES*DAVID*P**MA*XX*1699008045~REF*CE*HI QI NON-DUAL EXPANSION CHIP~DTM*232*20211002~DTM*233*20211002~DTM*050*20211005~AMT*AU*40.5~SVC*HC:90832:95*90*40.5~DTM*472*20211002~CAS*CO*45*49.5~REF*LU*M1~REF*6R*461561-5257~AMT*B6*40.5~SE*34*0001~GE*1*881898842~IEA*1*881898842~