ISA*00*          *00*          *ZZ*330897513      *ZZ*MEDBOSSC       *211009*0707*^*00501*879901366*0*P*:~GS*HP*330897513*MEDBOSSC*20211009*0707*879901366*X*005010X221A1~ST*835*0001~BPR*I*164.01*C*ACH*CCP*01*043301627*DA*1077670664*1571132733*000000000*01*321370765*DA*8102075433*20211013~TRN*1*5029023280TR2*1571132733*000000000~REF*EV*7GW0013CA3~REF*F2*1588011043    R88011007004370~DTM*405*20211007~N1*PR*PGBA,LLC~N3*TRICARE WEST REGION CLAIMS*P.O. BOX 202112~N4*FLORENCE*SC*295022112~PER*CX*TRICARE WEST REGION CLAIMS CORRESPONDENCE*TE*8448669378~PER*BL*TRICARE ELECTRONIC CLAIMS SERVICE CENTER*TE*8003255920~N1*PE*SERENITY COUNSELING SERVICES*XX*1588011043~N3*201*99-149 MOANALUA RD~N4*AIEA*HI*96701~REF*TJ*812344400~LX*1~CLP*2034-5210*1*150*11.82*90.53*CH*H277X4L4P0000*02*1~NM1*QC*1*REINHARDT*MICHELLE*R***HN*2034-5210~NM1*IL*1*COX*JAMES*R***MI*405355700~NM1*82*1*PLAYTER*AILEEN*T***XX*1013394097~REF*1H*575843780~DTM*050*20211004~AMT*AU*102.35~SVC*HC:90837:95*150*11.82~DTM*472*20210930~CAS*CO*242*47.65~CAS*PR*1*78.72**2*11.81~REF*6R*5952034-5210~AMT*B6*102.35~LQ*HE*N212~LX*2~CLP*928488181*1*175*117.6**CH*H278X04MK0000*11*1~NM1*QC*1*ATWATER*ELIZABETH*A***HN*928488181~NM1*IL*1*ATWATER*GRAHAM*D***MI*601788051~NM1*82*1*PLAYTER*AILEEN*T***XX*1013394097~REF*1H*575843780~DTM*050*20211005~AMT*AU*117.6~SVC*HC:90837:95*175*117.6~DTM*472*20210423~CAS*CO*45*57.4~REF*6R*928919144~AMT*B6*117.6~LX*3~CLP*2108-5236*1*150*0*150*CH*H278X3ZWH0000*02*1~NM1*QC*1*CRUZ LANDRO*MARIA ESPER****HN*2108-5236~NM1*IL*1*LANDRO*FREDERICK****MI*00340076509~NM1*82*1*PLAYTER*AILEEN*T***XX*1013394097~REF*1H*575843780~DTM*050*20211005~SVC*HC:90837:95*150*0~DTM*472*20211001~CAS*PR*16*150~REF*6R*2782108-5236~LQ*HE*N382~LX*4~CLP*626-3695*1*120*34.59*34.59*CH*H278X3ZWJ0000*02*1~NM1*QC*1*SWINT*CRYSTAL*I***HN*626-3695~NM1*IL*1*SWINT*ALEXANDER*D***MI*245713148~DTM*050*20211005~AMT*AU*69.18~SVC*HC:90834:95*120*34.59~DTM*472*20210809~CAS*CO*242*50.82~CAS*PR*2*34.59~REF*6R*332626-3695~AMT*B6*69.18~LQ*HE*N212~LX*5~CLP*626-4014*1*120*0**CH*H278X3ZWK0000*02*1~NM1*QC*1*SWINT*CRYSTAL*I***HN*626-4014~NM1*IL*1*SWINT*ALEXANDER*D***MI*245713148~DTM*050*20211005~SVC*HC:90834:95*120*0~DTM*472*20210823~CAS*CO*18*120~REF*6R*340626-4014~LQ*HE*N522~LX*6~CLP*2060-5298*1*180*0*118.93*CH*H279X01NH0000*02*1~NM1*QC*1*NUUSOLIA*NEARRI*P***HN*2060-5298~NM1*IL*1*NUUSOLIA*DONOVAN*T***MI*546999910~NM1*82*1*PLAYTER*AILEEN*T***XX*1013394097~REF*1H*575843780~DTM*050*20211006~AMT*AU*118.93~SVC*HC:90791:95*180*0~DTM*472*20211004~CAS*CO*242*61.07~CAS*PR*1*118.93~REF*6R*8802060-5298~AMT*B6*118.93~LQ*HE*N212~LX*7~CLP*821-5319*1*120*0*69.18*CH*H279X3XKP0000*02*1~NM1*QC*1*FROMILLE*MOLLY*L***HN*821-5319~NM1*IL*1*FROMILLE*SAMUEL*S***MI*216069067~NM1*82*1*WATERS*LORI*M***XX*1760854152~REF*1H*524943302~DTM*050*20211006~AMT*AU*69.18~SVC*HC:90834:95*120*0~DTM*472*20211005~CAS*CO*242*50.82~CAS*PR*1*69.18~REF*6R*816821-5319~AMT*B6*69.18~LQ*HE*N212~SE*109*0001~GE*1*879901366~IEA*1*879901366~