ISA*00*          *00*          *ZZ*330897513      *ZZ*MEDBOSSC       *210831*0905*^*00501*866801387*0*P*:~GS*HP*330897513*MEDBOSSC*20210831*0905*866801387*X*005010X221A1~ST*835*0001~BPR*I*117.6*C*CHK************20210830~TRN*1*0010154506VT1*1860813402~REF*EV*7GW1459CA3~REF*F2*1588011043    R35010830001509~DTM*405*20210830~N1*PR*TRIWEST HEALTHCARE ALLIANCE~N3*PO BOX 42270~N4*PHOENIX*AZ*850802270~PER*CX**TE*8772268749~PER*BL*VA CCN PROVIDER SERVICES*TE*8889017407~PER*IC**UR*WWW.VACOMMUNITYCARE.COM~N1*PE*DAVID LINARES*XX*1588011043~N3*APT 3U*94-1261 LUMIKULA ST~N4*WAIPAHU*HI*96797~REF*TJ*812344400~LX*1~CLP*380-3499*1*120*0**VA*H229X521R0000*11*1~NM1*QC*1*HOY*JASON****MI*757466161~DTM*050*20210817~SVC*HC:90834:95*120*0~DTM*472*20210802~CAS*CO*288*120~REF*6R*249380-3499~LQ*HE*N489~LX*2~CLP*869-3225*1*150*117.6**VA*H235X29810000*11*1~NM1*QC*1*CORRALES*CORI****MI*1019163921V917003~DTM*050*20210823~AMT*AU*117.6~SVC*HC:90837:95*150*117.6~DTM*472*20210726~CAS*CO*45*32.4~REF*6R*574869-3225~AMT*B6*117.6~SE*36*0001~GE*1*866801387~IEA*1*866801387~