ISA*00*          *00*          *ZZ*330897513      *ZZ*MEDBOSSC       *210925*0850*^*00501*875150367*0*P*:~GS*HP*330897513*MEDBOSSC*20210925*0850*875150367*X*005010X221A1~ST*835*0001~BPR*I*955.82*C*ACH*CCP*01*031202770*DA*8026485161*1841160004*000000000*01*321370765*DA*8102075433*20210928~TRN*1*5442296266VT1*1860813402*000000000~REF*EV*7GW1459CA3~REF*F2*1588011043    R35010923001526~DTM*405*20210923~N1*PR*TRIWEST HEALTHCARE ALLIANCE~N3*PO BOX 42270~N4*PHOENIX*AZ*850802270~PER*CX**TE*8772268749~PER*BL*VA CCN PROVIDER SERVICES*TE*8889017407~PER*IC**UR*WWW.VACOMMUNITYCARE.COM~N1*PE*DAVID LINARES*XX*1588011043~N3*APT 3U*94-1261 LUMIKULA ST~N4*WAIPAHU*HI*96797~REF*TJ*812344400~LX*1~CLP*733-2306*1*120*0**VA*H264X1JK50000*11*1~NM1*QC*1*VALENCIA*DEISY****MI*1019069491V594555~DTM*050*20210921~SVC*HC:90834:95*120*0~DTM*472*20210624~CAS*OA*18*120~REF*6R*877733-2306~LQ*HE*N522~LX*2~CLP*603-4110*1*120*78.98**VA*H264X165W0000*11*1~NM1*QC*1*AYERS*JERAME****MI*1003726487V072972~DTM*050*20210921~AMT*AU*78.98~SVC*HC:90847:95*120*78.98~DTM*472*20210816~CAS*CO*45*41.02~REF*6R*540603-4110~AMT*B6*78.98~LX*3~CLP*603-4112*1*120*75.83**VA*H264X165X0000*02*1~NM1*QC*1*AYERS*JERAME****MI*1003726487V072972~DTM*050*20210921~AMT*AU*75.83~SVC*HC:90846:95*120*75.83~DTM*472*20210823~CAS*CO*45*44.17~REF*6R*541603-4112~AMT*B6*75.83~LX*4~CLP*750-4119*1*150*0**VA*H264X165Y0000*11*1~NM1*QC*1*TRAVIS*RUNNELS****MI*758625551~DTM*050*20210921~SVC*HC:90837:95*150*0~DTM*472*20210826~CAS*CO*288*150~REF*6R*544750-4119~LQ*HE*N489~LX*5~CLP*404-4261*1*120*0**VA*H264X166B0000*11*1~NM1*QC*1*WHITE*GEORGE*G***MI*1004043552V466555~DTM*050*20210921~SVC*HC:90834:95*120*0~DTM*472*20210824~CAS*CO*288*120~REF*6R*958404-4261~LQ*HE*N489~LX*6~CLP*643-4243*1*120*0**VA*H264X166C0000*11*1~NM1*QC*1*MACEDO*SAMUEL****MI*757136824~DTM*050*20210921~SVC*HC:90834:95*120*0~DTM*472*20210728~CAS*CO*288*120~REF*6R*864643-4243~LQ*HE*N489~LX*7~CLP*643-4245*1*120*0**VA*H264X166D0000*11*1~NM1*QC*1*MACEDO*SAMUEL****MI*757136824~DTM*050*20210921~SVC*HC:90834:95*120*0~DTM*472*20210804~CAS*CO*288*120~REF*6R*865643-4245~LQ*HE*N489~LX*8~CLP*643-4247*1*120*0**VA*H264X166F0000*11*1~NM1*QC*1*MACEDO*SAMUEL****MI*757136824~DTM*050*20210921~SVC*HC:90834:95*120*0~DTM*472*20210811~CAS*CO*288*120~REF*6R*866643-4247~LQ*HE*N489~LX*9~CLP*643-4249*1*120*0**VA*H264X166G0000*11*1~NM1*QC*1*MACEDO*SAMUEL****MI*757136824~DTM*050*20210921~SVC*HC:90834:95*120*0~DTM*472*20210818~CAS*CO*288*120~REF*6R*867643-4249~LQ*HE*N489~LX*10~CLP*643-4251*1*120*0**VA*H264X166H0000*11*1~NM1*QC*1*MACEDO*SAMUEL****MI*757136824~DTM*050*20210921~SVC*HC:90834:95*120*0~DTM*472*20210824~CAS*CO*288*120~REF*6R*868643-4251~LQ*HE*N489~LX*11~CLP*666-4198*1*120*79.51**VA*H264X166M0000*11*1~NM1*QC*1*VEGA*IVAN*L***MI*1015907203V018964~DTM*050*20210921~AMT*AU*79.51~SVC*HC:90834:95*120*79.51~DTM*472*20210827~CAS*CO*45*40.49~REF*6R*682666-4198~AMT*B6*79.51~LX*12~CLP*654-4263*1*120*70.34**VA*H264X166S0000*02*1~NM1*QC*1*WILLIAMS*ARIANA****MI*1018252537V228283~DTM*050*20210921~AMT*AU*70.34~SVC*HC:90834:95*120*70.34~DTM*472*20210813~CAS*CO*45*49.66~REF*6R*995654-4263~AMT*B6*70.34~LX*13~CLP*404-4257*1*120*0**VA*H264X16680000*11*1~NM1*QC*1*WHITE*GEORGE*G***MI*1004043552V466555~DTM*050*20210921~SVC*HC:90834:95*120*0~DTM*472*20210810~CAS*CO*288*120~REF*6R*956404-4257~LQ*HE*N489~LX*14~CLP*404-4259*1*120*0**VA*H264X16690000*11*1~NM1*QC*1*WHITE*GEORGE*G***MI*1004043552V466555~DTM*050*20210921~SVC*HC:90834:95*120*0~DTM*472*20210817~CAS*CO*288*120~REF*6R*957404-4259~LQ*HE*N489~LX*15~CLP*703-4281*1*150*0**VA*H264X167D0000*11*1~NM1*QC*1*SAWICKI*EDWARD****MI*587722154~DTM*050*20210921~SVC*HC:90837:95*150*0~DTM*472*20210830~CAS*CO*288*150~REF*6R*205703-4281~LQ*HE*N489~LX*16~CLP*603-4305*1*120*76.36**VA*H264X167F0000*11*1~NM1*QC*1*AYERS*JERAME****MI*1003726487V072972~DTM*050*20210921~AMT*AU*76.36~SVC*HC:90846:95*120*76.36~DTM*472*20210830~CAS*CO*45*43.64~REF*6R*206603-4305~AMT*B6*76.36~LX*17~CLP*750-4315*1*150*0**VA*H264X167G0000*11*1~NM1*QC*1*TRAVIS*RUNNELS****MI*758625551~DTM*050*20210921~SVC*HC:90837:95*150*0~DTM*472*20210830~CAS*CO*288*150~REF*6R*208750-4315~LQ*HE*N489~LX*18~CLP*380-4301*1*120*0**VA*H264X167H0000*11*1~NM1*QC*1*HOY*JASON****MI*757466161~DTM*050*20210921~SVC*HC:90834:95*120*0~DTM*472*20210830~CAS*CO*288*120~REF*6R*212380-4301~LQ*HE*N489~LX*19~CLP*875-2836*1*120*79.51**VA*H264X167J0000*11*1~NM1*QC*1*SPLICHAL*JENNIFER****MI*1014814051V012054~DTM*050*20210921~AMT*AU*79.51~SVC*HC:90834:95*120*79.51~DTM*472*20210707~CAS*CO*45*40.49~REF*6R*290875-2836~AMT*B6*79.51~LX*20~CLP*875-2927*1*120*79.51**VA*H264X167K0000*11*1~NM1*QC*1*SPLICHAL*JENNIFER****MI*1014814051V012054~DTM*050*20210921~AMT*AU*79.51~SVC*HC:90834:95*120*79.51~DTM*472*20210714~CAS*CO*45*40.49~REF*6R*291875-2927~AMT*B6*79.51~LX*21~CLP*875-3169*1*120*79.51**VA*H264X167L0000*11*1~NM1*QC*1*SPLICHAL*JENNIFER****MI*1014814051V012054~DTM*050*20210921~AMT*AU*79.51~SVC*HC:90834:95*120*79.51~DTM*472*20210721~CAS*CO*45*40.49~REF*6R*294875-3169~AMT*B6*79.51~LX*22~CLP*875-3559*1*120*79.51**VA*H264X167M0000*11*1~NM1*QC*1*SPLICHAL*JENNIFER****MI*1014814051V012054~DTM*050*20210921~AMT*AU*79.51~SVC*HC:90834:95*120*79.51~DTM*472*20210728~CAS*CO*45*40.49~REF*6R*296875-3559~AMT*B6*79.51~LX*23~CLP*875-2466*1*120*79.51**VA*H264X167V0000*11*1~NM1*QC*1*SPLICHAL*JENNIFER****MI*1014814051V012054~DTM*050*20210921~AMT*AU*79.51~SVC*HC:90834:95*120*79.51~DTM*472*20210630~CAS*CO*45*40.49~REF*6R*184875-2466~AMT*B6*79.51~LX*24~CLP*603-4954*1*120*74.9**VA*H265X1FN20000*02*1~NM1*QC*1*AYERS*JERAME****MI*1003726487V072972~DTM*050*20210922~AMT*AU*74.9~SVC*HC:90846:95*120*74.9~DTM*472*20210920~CAS*CO*45*45.1~REF*6R*224603-4954~AMT*B6*74.9~LX*25~CLP*380-4934*1*120*0**VA*H265X1FN40000*02*1~NM1*QC*1*HOY*JASON****MI*757466161~DTM*050*20210922~SVC*HC:90834:95*120*0~DTM*472*20210920~CAS*CO*288*120~REF*6R*227380-4934~LQ*HE*N489~LX*26~CLP*603-4910*1*150*102.35**VA*H265X1FN60000*02*1~NM1*QC*1*AYERS*JERAME****MI*1003726487V072972~DTM*050*20210922~AMT*AU*102.35~SVC*HC:90837:95*150*102.35~DTM*472*20210919~CAS*CO*45*47.65~REF*6R*300603-4910~AMT*B6*102.35~SE*263*0001~GE*1*875150367~IEA*1*875150367~