ISA*00*          *00*          *ZZ*330897513      *ZZ*MEDBOSSC       *210706*0238*^*00501*848731588*0*P*:~GS*HP*330897513*MEDBOSSC*20210706*0238*848731588*X*005010X221A1~ST*835*0001~BPR*I*1023.75*C*ACH*CCP*01*121301015*DA*48070310*1990040115**01*321370765*DA*81020-75433*20210706~TRN*1*1639185*1990040115~REF*F2*5.40~DTM*405*20210628~N1*PR*HAWAII MEDICAL SERVICE ASSOCIATION~N3*818 KEEAUMOKU ST~N4*HONOLULU*HI*96814~PER*BL*ETS*TE*8089486355~N1*PE*SERENITY COUNSELING SERVIC*XX*1588011043~REF*TJ*812344400~LX*1~CLP*928600456*1*120*79.98*19.99*12*21179E0001382*11~NM1*QC*1*PEEBLES*BRANDEN****MI*XLER000082601907~NM1*74*1***M***C*R000082601907~NM1*82*1*FERREIRA*LORI*M***XX*1811143126~REF*CE*690~DTM*232*20210302~DTM*233*20210302~DTM*050*20210627~AMT*AU*99.97~SVC*HC:90834:95*120*79.98~CAS*PR*2*19.99~CAS*CO*45*20.03~REF*6R*9281112365~AMT*B6*99.97~CLP*928597709*1*175*93.39*14*12*21177E0000062*11~NM1*QC*1*YAGO*SCOTT ALLE****MI*XLRR000082156936~NM1*74*1**SCOTT ALLEN*R***C*R000082156936~NM1*82*1*WATERS*LORI*M***XX*1760854152~REF*CE*744~DTM*232*20210531~DTM*233*20210531~DTM*050*20210625~AMT*AU*107.39~SVC*HC:90837:95*175*93.39~CAS*PR*3*14~CAS*CO*45*67.61~REF*6R*9281107008~AMT*B6*107.39~CLP*928452895*1*175*0**12*2117900000239*11~NM1*QC*1*WILLIAMSON*LOVE****MI*HFPF000029960309~NM1*IL*1*WILLIAMSON*LOVE****MI*HFPF000029960309~NM1*74*1*VAZQUEZ*NICOLE*T***C*R000080235849~NM1*82*1*WATERS*LORI*M***XX*1760854152~REF*CE*506~DTM*232*20210405~DTM*233*20210405~DTM*050*20210628~SVC*HC:90837:95*175*0~CAS*OA*18*175~REF*6R*928857600~LQ*HE*N522~CLP*928392801*1*175*0**12*2117900000359*11~NM1*QC*1*WILLIAMSON*LOVE****MI*HFPF000029960309~NM1*IL*1*WILLIAMSON*LOVE****MI*HFPF000029960309~NM1*74*1*VAZQUEZ*NICOLE*T***C*R000080235849~NM1*82*1*WATERS*LORI*M***XX*1760854152~REF*CE*506~DTM*232*20210308~DTM*233*20210308~DTM*050*20210628~SVC*HC:90837:95*175*0~CAS*OA*18*175~REF*6R*928754687~LQ*HE*N522~CLP*928448491*1*175*0**12*2117900001619*11~NM1*QC*1*WILLIAMSON*LOVE****MI*HFPF000029960309~NM1*IL*1*WILLIAMSON*LOVE****MI*HFPF000029960309~NM1*74*1*VAZQUEZ*NICOLE*T***C*R000080235849~NM1*82*1*WATERS*LORI*M***XX*1760854152~REF*CE*506~DTM*232*20210412~DTM*233*20210412~DTM*050*20210628~SVC*HC:90837:95*175*0~CAS*OA*18*175~REF*6R*928850474~LQ*HE*N522~CLP*928391549*1*175*0**12*2117900001943*11~NM1*QC*1*WILLIAMSON*LOVE****MI*HFPF000029960309~NM1*IL*1*WILLIAMSON*LOVE****MI*HFPF000029960309~NM1*74*1*VAZQUEZ*NICOLE*T***C*R000080235849~NM1*82*1*WATERS*LORI*M***XX*1760854152~REF*CE*506~DTM*232*20210301~DTM*233*20210301~DTM*050*20210628~SVC*HC:90837:95*175*0~CAS*OA*18*175~REF*6R*928752528~LQ*HE*N522~CLP*928447774*1*175*0**12*2117900003384*11~NM1*QC*1*WILLIAMSON*LOVE****MI*HFPF000029960309~NM1*IL*1*WILLIAMSON*LOVE****MI*HFPF000029960309~NM1*74*1*VAZQUEZ*NICOLE*T***C*R000080235849~NM1*82*1*WATERS*LORI*M***XX*1760854152~REF*CE*506~DTM*232*20210329~DTM*233*20210329~DTM*050*20210628~SVC*HC:90837:95*175*0~CAS*OA*18*175~REF*6R*928849351~LQ*HE*N522~CLP*928388664*1*175*93.39*14*12*21179E0001381*11~NM1*QC*1*YAGO*SCOTT ALLE****MI*XLRR000082156936~NM1*74*1**SCOTT ALLEN*R***C*R000082156936~NM1*82*1*WATERS*LORI*M***XX*1760854152~REF*CE*744~DTM*232*20210216~DTM*233*20210216~DTM*050*20210627~AMT*AU*107.39~SVC*HC:90837:95*175*93.39~CAS*PR*3*14~CAS*CO*45*67.61~REF*6R*928747790~AMT*B6*107.39~CLP*720-1909*1*150*107.39**12*21179E0014049*02~NM1*QC*1*NATALIE*OWENS****MI*XLAR000030570758~NM1*IL*1*NATALIE*OWENS****MI*XLAR000030570758~NM1*74*1*OWENS*LAMONT****C*R000030570758~NM1*82*1*PLAYTER*AILEEN*T***XX*1013394097~REF*CE*898~DTM*232*20210607~DTM*233*20210607~DTM*050*20210628~AMT*AU*107.39~SVC*HC:90837:95*150*107.39~CAS*CO*45*42.61~REF*6R*018720-1909~AMT*B6*107.39~CLP*632-2071*1*120*0*120*12*21179E0013595*02~NM1*QC*1*CORPUZ*JEANELL****MI*R000083481317~NM1*82*1*FERREIRA*LORI*M***XX*1811143126~DTM*232*20210525~DTM*233*20210525~DTM*036*20210121~DTM*050*20210628~SVC*HC:90834:95*120*0~CAS*PR*31*120~REF*6R*016632-2071~CLP*632-2061*1*120*0*120*12*21179E0013799*02~NM1*QC*1*CORPUZ*JEANELL****MI*R000083481317~NM1*82*1*FERREIRA*LORI*M***XX*1811143126~DTM*232*20210511~DTM*233*20210511~DTM*036*20210121~DTM*050*20210628~SVC*HC:90834:95*120*0~CAS*PR*31*120~REF*6R*009632-2061~CLP*928444318*1*120*0**12*21176E0000208*11~NM1*QC*1*PERALTA*MELANIE****MI*XLBR000019658301~NM1*IL*1*PERALTA*MELANIE****MI*XLBR000019658301~NM1*74*1**RANDY*P***C*R000019658301~NM1*82*1*WATERS*LORI*M***XX*1760854152~REF*CE*532~DTM*232*20210317~DTM*233*20210317~DTM*050*20210624~SVC*HC:90834:95*120*0~CAS*OA*18*120~REF*6R*928843751~LQ*HE*N522~CLP*928387046*1*175*0**12*21176E0000212*11~NM1*QC*1*PERALTA*MELANIE****MI*XLBR000019658301~NM1*IL*1*PERALTA*MELANIE****MI*XLBR000019658301~NM1*74*1**RANDY*P***C*R000019658301~NM1*82*1*FERREIRA*LORI*M***XX*1811143126~REF*CE*532~DTM*232*20210210~DTM*233*20210210~DTM*050*20210624~SVC*HC:90837:95*175*0~CAS*OA*18*175~REF*6R*928744587~LQ*HE*N522~CLP*928447661*1*175*0**12*21176E0000234*11~NM1*QC*1*PERALTA*MELANIE****MI*XLBR000019658301~NM1*IL*1*PERALTA*MELANIE****MI*XLBR000019658301~NM1*74*1**RANDY*P***C*R000019658301~NM1*82*1*WATERS*LORI*M***XX*1760854152~REF*CE*532~DTM*232*20210331~DTM*233*20210331~DTM*050*20210624~SVC*HC:90837:95*175*0~CAS*OA*18*175~REF*6R*928849168~LQ*HE*N522~CLP*928373486*1*175*0**12*21176E0000236*11~NM1*QC*1*PERALTA*MELANIE****MI*XLBR000019658301~NM1*IL*1*PERALTA*MELANIE****MI*XLBR000019658301~NM1*74*1**RANDY*P***C*R000019658301~NM1*82*1*FERREIRA*LORI*M***XX*1811143126~REF*CE*532~DTM*232*20210203~DTM*233*20210203~DTM*050*20210624~SVC*HC:90837:95*175*0~CAS*OA*18*175~REF*6R*928718610~LQ*HE*N522~CLP*928392294*1*175*0**12*21176E0000276*11~NM1*QC*1*PERALTA*MELANIE****MI*XLBR000019658301~NM1*IL*1*PERALTA*MELANIE****MI*XLBR000019658301~NM1*74*1**RANDY*P***C*R000019658301~NM1*82*1*WATERS*LORI*M***XX*1760854152~REF*CE*532~DTM*232*20210303~DTM*233*20210303~DTM*050*20210624~SVC*HC:90837:95*175*0~CAS*OA*18*175~REF*6R*928753871~LQ*HE*N522~CLP*928373864*1*175*0**12*2117900000859*11~NM1*QC*1*BAUTISTA*MICHELLE****MI*HFPF000029543360~NM1*IL*1*BAUTISTA*MICHELLE****MI*HFPF000029543360~NM1*74*1**JEFFREY*S***C*R000023416241~NM1*82*1*PLAYTER*AILEEN*T***XX*1013394097~REF*CE*809~DTM*232*20210204~DTM*233*20210204~DTM*050*20210628~SVC*HC:90837:95*175*0~CAS*OA*18*175~REF*6R*928719380~LQ*HE*N522~CLP*928491629*1*175*0**12*2117900002308*11~NM1*QC*1*BAUTISTA*MICHELLE****MI*HFPF000029543360~NM1*IL*1*BAUTISTA*MICHELLE****MI*HFPF000029543360~NM1*74*1**JEFFREY*S***C*R000023416241~NM1*82*1*PLAYTER*AILEEN*T***XX*1013394097~REF*CE*809~DTM*232*20210503~DTM*233*20210503~DTM*050*20210628~SVC*HC:90837:95*175*0~CAS*OA*18*175~REF*6R*928925083~LQ*HE*N522~CLP*928444519*1*175*0**12*2117900002469*11~NM1*QC*1*BAUTISTA*MICHELLE****MI*HFPF000029543360~NM1*IL*1*BAUTISTA*MICHELLE****MI*HFPF000029543360~NM1*74*1**JEFFREY*S***C*R000023416241~NM1*82*1*PLAYTER*AILEEN*T***XX*1013394097~REF*CE*809~DTM*232*20210318~DTM*233*20210318~DTM*050*20210628~SVC*HC:90837:95*175*0~CAS*OA*18*175~REF*6R*928844135~LQ*HE*N522~CLP*928448410*1*175*0**12*2117900003583*11~NM1*QC*1*BAUTISTA*MICHELLE****MI*HFPF000029543360~NM1*IL*1*BAUTISTA*MICHELLE****MI*HFPF000029543360~NM1*74*1**JEFFREY*S***C*R000023416241~NM1*82*1*PLAYTER*AILEEN*T***XX*1013394097~REF*CE*809~DTM*232*20210405~DTM*233*20210405~DTM*050*20210628~SVC*HC:90837:95*175*0~CAS*OA*18*175~REF*6R*928850363~LQ*HE*N522~CLP*928374597*1*175*0**12*2117900003694*11~NM1*QC*1*BAUTISTA*MICHELLE****MI*HFPF000029543360~NM1*IL*1*BAUTISTA*MICHELLE****MI*HFPF000029543360~NM1*74*1**JEFFREY*S***C*R000023416241~NM1*82*1*PLAYTER*AILEEN*T***XX*1013394097~REF*CE*809~DTM*232*20210225~DTM*233*20210225~DTM*050*20210628~SVC*HC:90837:95*175*0~CAS*OA*18*175~REF*6R*928720644~LQ*HE*N522~CLP*928447622*1*175*0**12*2117900003737*11~NM1*QC*1*BAUTISTA*MICHELLE****MI*HFPF000029543360~NM1*IL*1*BAUTISTA*MICHELLE****MI*HFPF000029543360~NM1*74*1**JEFFREY*S***C*R000023416241~NM1*82*1*PLAYTER*AILEEN*T***XX*1013394097~REF*CE*809~DTM*232*20210325~DTM*233*20210325~DTM*050*20210628~SVC*HC:90837:95*175*0~CAS*OA*18*175~REF*6R*928849113~LQ*HE*N522~CLP*928462514*1*175*0**12*2117900004170*11~NM1*QC*1*BAUTISTA*MICHELLE****MI*HFPF000029543360~NM1*IL*1*BAUTISTA*MICHELLE****MI*HFPF000029543360~NM1*74*1**JEFFREY*S***C*R000023416241~NM1*82*1*PLAYTER*AILEEN*T***XX*1013394097~REF*CE*809~DTM*232*20210419~DTM*233*20210419~DTM*050*20210628~SVC*HC:90837:95*175*0~CAS*OA*18*175~REF*6R*928874802~LQ*HE*N522~CLP*928599814*1*175*95.39*12*12*21179E0001385*11~NM1*QC*1*LOPEZ*SHASTY****MI*R000084315951~NM1*82*1*WATERS*LORI*M***XX*1760854152~REF*CE*662~DTM*232*20210602~DTM*233*20210602~DTM*050*20210627~AMT*AU*107.39~SVC*HC:90837:95*175*95.39~CAS*PR*3*12~CAS*CO*45*67.61~REF*6R*9281110733~AMT*B6*107.39~CLP*928599804*1*175*95.39*12*12*21179E0001391*11~NM1*QC*1*KIRK*JONATHAN****MI*XLPR000080356330~NM1*IL*1*KIRK*AARON****MI*XLPR000080356330~NM1*74*1*STEITZ*MICHELLE*M***C*R000082708413~NM1*82*1*WATERS*LORI*M***XX*1760854152~REF*CE*828~DTM*232*20210601~DTM*233*20210601~DTM*050*20210627~AMT*AU*107.39~SVC*HC:90837:95*175*95.39~CAS*PR*3*12~CAS*CO*45*67.61~REF*6R*9281110712~AMT*B6*107.39~CLP*928599834*1*175*95.39*12*12*21179E0001490*11~NM1*QC*1*LOPEZ*SHASTY****MI*R000084315951~NM1*82*1*WATERS*LORI*M***XX*1760854152~REF*CE*662~DTM*232*20210609~DTM*233*20210609~DTM*050*20210627~AMT*AU*107.39~SVC*HC:90837:95*175*95.39~CAS*PR*3*12~CAS*CO*45*67.61~REF*6R*9281110764~AMT*B6*107.39~CLP*928599840*1*175*95.39*12*12*21179E0001559*11~NM1*QC*1*IESE*KIMBERLY****MI*XLPR000029620036~NM1*74*1***J***C*R000029620036~NM1*82*1*WATERS*LORI*M***XX*1760854152~REF*CE*828~DTM*232*20210611~DTM*233*20210611~DTM*050*20210627~AMT*AU*107.39~SVC*HC:90837:95*175*95.39~CAS*PR*3*12~CAS*CO*45*67.61~REF*6R*9281110772~AMT*B6*107.39~CLP*928599821*1*120*87.97*12*12*21179E0001583*11~NM1*QC*1*RIFE*ROBYN****MI*R000083705426~NM1*IL*1*RIFE*ROBERT****MI*R000083705426~NM1*82*1*WATERS*LORI*M***XX*1760854152~REF*CE*766~DTM*232*20210608~DTM*233*20210608~DTM*050*20210627~AMT*AU*99.97~SVC*HC:90834:95*120*87.97~CAS*PR*3*12~CAS*CO*45*20.03~REF*6R*9281110748~AMT*B6*99.97~CLP*928599792*1*175*95.39*12*12*21179E0001608*11~NM1*QC*1*RIFE*ROBYN****MI*R000083705426~NM1*IL*1*RIFE*ROBERT****MI*R000083705426~NM1*82*1*WATERS*LORI*M***XX*1760854152~REF*CE*766~DTM*232*20210601~DTM*233*20210601~DTM*050*20210627~AMT*AU*107.39~SVC*HC:90837:95*175*95.39~CAS*PR*3*12~CAS*CO*45*67.61~REF*6R*9281110665~AMT*B6*107.39~CLP*632-2075*1*120*84.68*20*HM*21179E0013700*02~NM1*QC*1*CORPUZ*JEANELL****MI*XLHR000083481317~NM1*74*1**JEANELL NOHELANI****C*R000083481317~NM1*82*1*FERREIRA*LORI*M***XX*1811143126~REF*CE*QA~DTM*232*20210609~DTM*233*20210609~DTM*050*20210628~AMT*AU*104.68~SVC*HC:90834:95*120*84.68~CAS*PR*3*20~CAS*CO*45*15.32~REF*6R*017632-2075~AMT*B6*104.68~SE*407*0001~ST*835*0002~BPR*I*636.93*C*ACH*CCP*01*121301015*DA*01031503*1990040115**01*321370765*DA*81020-75433*20210706~TRN*1*1119983*1990040115~REF*F2*5.40~DTM*405*20210629~N1*PR*HAWAII MEDICAL SERVICE ASSOCIATION~N3*818 KEEAUMOKU ST~N4*HONOLULU*HI*96814~PER*BL*ETS*TE*8089486355~N1*PE*SERENITY COUNSELING SERVIC*XX*1588011043~REF*TJ*812344400~LX*1~CLP*928437653*1*120*89.68*15*HM*21179E0001337*11~NM1*QC*1*DRAGNA*MIKELLA****MI*HFPF000026496935~NM1*IL*1*DRAGNA*GINGER****MI*HFPF000026496935~NM1*74*1***L***C*F000026496935~NM1*82*1*MATSUMOTO*NATALIA*A***XX*1427398312~REF*CE*087~DTM*232*20210213~DTM*233*20210213~DTM*050*20210627~AMT*AU*104.68~SVC*HC:90834*120*89.68~CAS*PR*3*15~CAS*CO*45*15.32~REF*6R*9281110880~AMT*B6*104.68~CLP*928599786*1*175*112.45**HM*21179E0001386*11~NM1*QC*1*DRAGNA*MIKELLA****MI*HFPF000026496935~NM1*IL*1*DRAGNA*GINGER****MI*HFPF000026496935~NM1*74*1***L***C*F000026496935~NM1*82*1*MATSUMOTO*NATALIA*A***XX*1427398312~REF*CE*087~DTM*232*20210530~DTM*233*20210530~DTM*050*20210627~AMT*AU*112.45~SVC*HC:90837:95*175*112.45~CAS*CO*45*62.55~REF*6R*9281110643~AMT*B6*112.45~CLP*928599742*1*175*112.45**HM*21179E0001395*11~NM1*QC*1*LEE*CRISLE****MI*F000030594360~NM1*IL*1*LEE*CRISLE****MI*F000030594360~NM1*74*1**DARRIN*S~NM1*82*1*MATSUMOTO*NATALIA*A***XX*1427398312~REF*CE*087~DTM*232*20210515~DTM*233*20210515~DTM*050*20210627~AMT*AU*112.45~SVC*HC:90837:95*175*112.45~CAS*CO*45*62.55~REF*6R*9281110595~AMT*B6*112.45~CLP*928599782*1*175*112.45**HM*21179E0001424*11~NM1*QC*1*LEE*CRISLE****MI*F000030594360~NM1*IL*1*LEE*CRISLE****MI*F000030594360~NM1*74*1**DARRIN*S~NM1*82*1*MATSUMOTO*NATALIA*A***XX*1427398312~REF*CE*087~DTM*232*20210529~DTM*233*20210529~DTM*050*20210627~AMT*AU*112.45~SVC*HC:90837:95*175*112.45~CAS*CO*45*62.55~REF*6R*9281110638~AMT*B6*112.45~CLP*928599774*1*175*112.45**HM*21179E0001560*11~NM1*QC*1*DRAGNA*MIKELLA****MI*HFPF000026496935~NM1*IL*1*DRAGNA*GINGER****MI*HFPF000026496935~NM1*74*1***L***C*F000026496935~NM1*82*1*FERREIRA*LORI*M***XX*1811143126~REF*CE*087~DTM*232*20210523~DTM*233*20210523~DTM*050*20210627~AMT*AU*112.45~SVC*HC:90837:95*175*112.45~CAS*CO*45*62.55~REF*6R*9281110629~AMT*B6*112.45~CLP*928599744*1*175*97.45*15*HM*21180E0001299*11~NM1*QC*1*DRAGNA*MIKELLA****MI*HFPF000026496935~NM1*IL*1*DRAGNA*GINGER****MI*HFPF000026496935~NM1*74*1***L***C*F000026496935~NM1*82*1*MATSUMOTO*NATALIA*A***XX*1427398312~REF*CE*087~DTM*232*20210516~DTM*233*20210516~DTM*050*20210628~AMT*AU*112.45~SVC*HC:90837*175*97.45~CAS*PR*3*15~CAS*CO*45*62.55~REF*6R*9281110597~AMT*B6*112.45~SE*99*0002~GE*2*848731588~IEA*1*848731588~