ISA*00*          *00*          *ZZ*330897513      *ZZ*MEDBOSSC       *210928*0708*^*00501*875774224*0*P*:~GS*HP*330897513*MEDBOSSC*20210928*0708*875774224*X*005010X221A1~ST*835*0001~BPR*I*287.68*C*ACH*CTX*01*121301028*DA*0085442686*UNIVHEALTH**01*321370765*DA*8102075433*20210923~TRN*1*3280175*1990263440~REF*F2*5.40~N1*PR*UNIVERSITY HEALTH ALLIANCE~N3*700 BISHOP STREET SUITE 300~N4*HONOLULU*HI*96813~PER*CX*HOWARD LEE*TE*8085324000~PER*BL*HOWARD LEE*TE*8085324000~N1*PE*SERENITY COUNSELING SERVICES HAWAII, LLC*XX*1588011043~N3*94-1261 LUMIKULA ST, # 3U~N4*WAIPAHU*HI*96797~REF*TJ*812344400~REF*PQ*812344400~LX*1~CLP*1948-4606*1*120*82.25**16*2126432510*02~NM1*QC*1*TAUTUIAKI*LACHONEUSS****MI*801012720-01~NM1*82*1*LINARES*DAVID****XX*1699008045~DTM*232*20210910~DTM*233*20210910~DTM*050*20210921~AMT*AU*82.25~SVC*HC:90834:95*120*82.25**2~CAS*CO*45*37.75~REF*6R*5501948-4606~AMT*B6*82.25~CLP*1948-4411*1*120*82.25**16*2126432616*02~NM1*QC*1*TAUTUIAKI*LACHONEUSS****MI*801012720-01~NM1*82*1*LINARES*DAVID****XX*1699008045~DTM*232*20210903~DTM*233*20210903~DTM*050*20210921~AMT*AU*82.25~SVC*HC:90834:95*120*82.25**2~CAS*CO*45*37.75~REF*6R*1221948-4411~AMT*B6*82.25~CLP*950-4639*1*150*123.18**16*2126531091*02~NM1*QC*1*BRISENO*TRICIA-JEAN****MI*808603005-01~NM1*82*1*MATSUMOTO*NATALIA****XX*1427398312~DTM*232*20210822~DTM*233*20210822~DTM*050*20210922~AMT*AU*123.18~SVC*HC:90837:95*150*123.18**2~CAS*CO*45*26.82~REF*6R*814172291L904330639~AMT*B6*123.18~SE*49*0001~GE*1*875774224~IEA*1*875774224~