ISA*00*          *00*          *ZZ*330897513      *ZZ*MEDBOSSC       *210730*1203*^*00501*856593484*0*P*:~GS*HP*330897513*MEDBOSSC*20210730*1203*856593484*X*005010X221A1~ST*835*0001~BPR*I*85*C*ACH*CCP*01*051404260*DA*252781161*1541414194**01*321370765*DA*8102075433*20210802~TRN*1*0000519088*1541414194~N1*PR*BEACON HEALTH OPTIONS, INC.~N3*ATTN FINANCE DEPT~N4*NORFOLK*VA*23502~REF*2U*FDX~PER*BL*VALUEOPTIONS EDI HELPDESK*TE*8882479311*EM*ESUPPORTSERVICES@VALUEOPTIONS.COM~N1*PE*SERENITY COUNSELING SERVICES HAWAII*XX*1699008045~N3*99-149 MOANALUA RD*STE 201~N4*AIEA*HI*967014001~REF*TJ*812344400~LX*1~CLP*0*1*85*85**13*06   072321 04065 00274*11~NM1*QC*1*CORTEZ*MARTIN*D***MI*1134561~NM1*IL*1*CORTEZ*MARTIN*D***MI*1134561~NM1*82*2*LINARES, DAVID*****XX*1699008045~REF*1W*1134561~REF*1J*E202862~SVC*HC:AEA:60*85*85~DTM*472*20210723~REF*6R*001~AMT*B6*85~SE*24*0001~ST*835*0002~BPR*I*170*C*ACH*CCP*01*051404260*DA*252781161*1541414194**01*321370765*DA*8102075433*20210802~TRN*1*0000520099*1541414194~N1*PR*BEACON HEALTH OPTIONS, INC.~N3*ATTN FINANCE DEPT~N4*NORFOLK*VA*23502~REF*2U*FDX~PER*BL*VALUEOPTIONS EDI HELPDESK*TE*8882479311*EM*ESUPPORTSERVICES@VALUEOPTIONS.COM~N1*PE*SERENITY COUNSELING SERVICES H*XX*1699008045~N3*10641 WINDSMONT CT~N4*LEHIGH ACRES*FL*339367268~REF*TJ*812344400~LX*1~CLP*0*1*85*85**13*06   072421 04065 00141*11~NM1*QC*1*MATERIALE*KATELYN*N***MI*1124663~NM1*IL*1*MATERIALE*KATELYN*N***MI*1124663~NM1*82*2*LINARES, DAVID*****XX*1699008045~REF*1W*1124663~REF*1J*E824169~SVC*HC:AEA:60*85*85~DTM*472*20210724~REF*6R*001~AMT*B6*85~CLP*0*1*85*85**13*06   072621 04065 00373*11~NM1*QC*1*WALKER*TIMOTHEY*R***MI*1091678~NM1*IL*1*WALKER*TIMOTHEY*R***MI*1091678~NM1*82*2*LINARES, DAVID*****XX*1699008045~REF*1W*1091678~REF*1J*E824169~SVC*HC:AEA:60*85*85~DTM*472*20210726~REF*6R*001~AMT*B6*85~SE*34*0002~ST*835*0003~BPR*I*255*C*ACH*CCP*01*051404260*DA*252781161*1541414194**01*321370765*DA*8102075433*20210802~TRN*1*0000519684*1541414194~N1*PR*BEACON HEALTH OPTIONS, INC.~N3*ATTN FINANCE DEPT~N4*NORFOLK*VA*23502~REF*2U*FDX~PER*BL*VALUEOPTIONS EDI HELPDESK*TE*8882479311*EM*ESUPPORTSERVICES@VALUEOPTIONS.COM~N1*PE*SERENITY COUNSELING SERVICES H*XX*1699008045~N3*10641 WINDSMONT CT~N4*LEHIGH ACRES*FL*339367268~REF*TJ*812344400~LX*1~CLP*0*1*85*85**13*06   072621 04065 00500*11~NM1*QC*1*GAITHER*ANDREW*J***MI*1102587~NM1*IL*1*GAITHER*ANDREW*J***MI*1102587~NM1*82*2*LINARES, DAVID*****XX*1699008045~REF*1W*1102587~REF*1J*E824169~SVC*HC:AEA:60*85*85~DTM*472*20210726~REF*6R*001~AMT*B6*85~CLP*0*1*85*85**13*06   072321 04065 00419*11~NM1*QC*1*NOZAKI*SCOTT*F***MI*1114819~NM1*IL*1*NOZAKI*SCOTT*F***MI*1114819~NM1*82*2*LINARES, DAVID*****XX*1699008045~REF*1W*1114819~REF*1J*E824169~SVC*HC:AEA:60*85*85~DTM*472*20210723~REF*6R*001~AMT*B6*85~CLP*0*1*85*85**13*06   072421 04065 00208*11~NM1*QC*1*RIGGINS*JESSICA*R***MI*1127754~NM1*IL*1*RIGGINS*JESSICA*R***MI*1127754~NM1*82*2*LINARES, DAVID*****XX*1699008045~REF*1W*1127754~REF*1J*E824169~SVC*HC:AEA:60*85*85~DTM*472*20210724~REF*6R*001~AMT*B6*85~SE*44*0003~ST*835*0004~BPR*I*85*C*ACH*CCP*01*051404260*DA*252781161*1541414194**01*321370765*DA*8102075433*20210802~TRN*1*0000519848*1541414194~N1*PR*BEACON HEALTH OPTIONS, INC.~N3*ATTN FINANCE DEPT~N4*NORFOLK*VA*23502~REF*2U*FDX~PER*BL*VALUEOPTIONS EDI HELPDESK*TE*8882479311*EM*ESUPPORTSERVICES@VALUEOPTIONS.COM~N1*PE*SERENITY COUNSELING SERVICES H*XX*1699008045~N3*10641 WINDSMONT CT~N4*LEHIGH ACRES*FL*339367268~REF*TJ*812344400~LX*1~CLP*0*1*85*85**13*06   072321 04065 00411*11~NM1*QC*1*NATOR*ROSE*L***MI*1104614~NM1*IL*1*NATOR*ROSE*L***MI*1104614~NM1*82*2*LINARES, DAVID*****XX*1699008045~REF*1W*1104614~REF*1J*E824169~SVC*HC:AEA:60*85*85~DTM*472*20210723~REF*6R*001~AMT*B6*85~SE*24*0004~ST*835*0005~BPR*I*680*C*ACH*CCP*01*051404260*DA*252781161*1541414194**01*321370765*DA*8102075433*20210802~TRN*1*0000519227*1541414194~N1*PR*BEACON HEALTH OPTIONS, INC.~N3*ATTN FINANCE DEPT~N4*NORFOLK*VA*23502~REF*2U*FDX~PER*BL*VALUEOPTIONS EDI HELPDESK*TE*8882479311*EM*ESUPPORTSERVICES@VALUEOPTIONS.COM~N1*PE*SERENITY COUNSELING SERVICES H*XX*1699008045~N3*10641 WINDSMONT CT~N4*LEHIGH ACRES*FL*339367268~REF*TJ*812344400~LX*1~CLP*0*1*85*85**13*06   072421 04065 00188*11~NM1*QC*1*CUI*BAJUN*M***MI*908655~NM1*IL*1*CUI*BAJUN*M***MI*908655~NM1*82*2*LINARES, DAVID*****XX*1699008045~REF*1W*908655~REF*1J*E824169~SVC*HC:AEA:60*85*85~DTM*472*20210724~REF*6R*001~AMT*B6*85~CLP*0*1*85*85**13*06   072421 04065 00189*11~NM1*QC*1*CUI*BAJUN*M***MI*908655~NM1*IL*1*CUI*BAJUN*M***MI*908655~NM1*82*2*LINARES, DAVID*****XX*1699008045~REF*1W*908655~REF*1J*E824169~SVC*HC:AEA:60*85*85~DTM*472*20210721~REF*6R*001~AMT*B6*85~CLP*0*1*85*85**13*06   072421 04065 00149*11~NM1*QC*1*GUMBS*KISHMA****MI*1132101~NM1*IL*1*GUMBS*KISHMA****MI*1132101~NM1*82*2*LINARES, DAVID*****XX*1699008045~REF*1W*1132101~REF*1J*E824169~SVC*HC:AEA:60*85*85~DTM*472*20210724~REF*6R*001~AMT*B6*85~CLP*0*1*85*85**13*06   072421 04065 00200*11~NM1*QC*1*HANSON*DANE*M***MI*804114~NM1*IL*1*HANSON*DANE*M***MI*804114~NM1*82*2*LINARES, DAVID*****XX*1699008045~REF*1W*804114~REF*1J*E824169~SVC*HC:AEA:60*85*85~DTM*472*20210724~REF*6R*001~AMT*B6*85~CLP*0*1*85*85**13*06   072621 04065 00320*11~NM1*QC*1*MASSEY*TIANA*L***MI*1016928~NM1*IL*1*MASSEY*TIANA*L***MI*1016928~NM1*82*2*LINARES, DAVID*****XX*1699008045~REF*1W*1016928~REF*1J*E824169~SVC*HC:AEA:60*85*85~DTM*472*20210726~REF*6R*001~AMT*B6*85~CLP*0*1*85*85**13*06   072421 04065 00172*11~NM1*QC*1*NITCHOLAS*DEREK*W***MI*166753~NM1*IL*1*NITCHOLAS*DEREK*W***MI*166753~NM1*82*2*LINARES, DAVID*****XX*1699008045~REF*1W*166753~REF*1J*E824169~SVC*HC:AEA:60*85*85~DTM*472*20210724~REF*6R*001~AMT*B6*85~CLP*0*1*85*85**13*06   072321 04065 00389*11~NM1*QC*1*NORMAN*TRISTON*F***MI*1074395~NM1*IL*1*NORMAN*TRISTON*F***MI*1074395~NM1*82*2*LINARES, DAVID*****XX*1699008045~REF*1W*1074395~REF*1J*E824169~SVC*HC:AEA:60*85*85~DTM*472*20210723~REF*6R*001~AMT*B6*85~CLP*0*1*85*85**13*06   072621 04065 00410*11~NM1*QC*1*NORMAN*TRISTON*F***MI*1074395~NM1*IL*1*NORMAN*TRISTON*F***MI*1074395~NM1*82*2*LINARES, DAVID*****XX*1699008045~REF*1W*1074395~REF*1J*E824169~SVC*HC:AEA:60*85*85~DTM*472*20210726~REF*6R*001~AMT*B6*85~SE*94*0005~GE*5*856593484~IEA*1*856593484~