ISA*00*          *00*          *ZZ*330897513      *ZZ*MEDBOSSC       *210908*0712*^*00501*869190269*0*P*:~GS*HP*330897513*MEDBOSSC*20210908*0712*869190269*X*005010X221A1~ST*835*0001~BPR*H*0*C*NON************20210907~TRN*1*R88010907000752*1571132733*000000000~REF*EV*7GW0013CA3~REF*F2*1588011043    R88010907000752~DTM*405*20210907~N1*PR*PGBA,LLC~N3*TRICARE WEST REGION CLAIMS*P.O. BOX 202112~N4*FLORENCE*SC*295022112~PER*CX*TRICARE WEST REGION CLAIMS CORRESPONDENCE*TE*8448669378~PER*BL*TRICARE ELECTRONIC CLAIMS SERVICE CENTER*TE*8003255920~N1*PE*SERENITY COUNSELING SERVICES*XX*1588011043~N3*SUITE 201*10641 WINDSMONT CT~N4*LEHIGH ACRES*FL*33936~REF*TJ*812344400~LX*1~CLP*790-2358*1*90*0**CH*H247X0P860000*11*1~NM1*QC*1*TIMOTHY*SCOTT****HN*790-2358~NM1*IL*1*TIMOTHY*SCOTT****MI*01476824301~NM1*82*1*PLAYTER*AILEEN*T***XX*1013394097~REF*1H*575843780~DTM*050*20210904~SVC*HC:90832:95*90*0~DTM*472*20210628~CAS*CO*16*90~REF*6R*340790-2358~LQ*HE*N382~SE*28*0001~ST*835*0002~BPR*I*79.5*C*ACH*CCP*01*043301627*DA*1077764011*1571132733*000000000*01*321370765*DA*8102075433*20210909~TRN*1*5344493245TA1*1571132733*000000000~REF*EV*7GW0013CA3~REF*F2*1588011043    R88010902004091~DTM*405*20210902~N1*PR*PGBA,LLC~N3*TRICARE WEST REGION CLAIMS*P.O. BOX 202112~N4*FLORENCE*SC*295022112~PER*CX*TRICARE WEST REGION CLAIMS CORRESPONDENCE*TE*8448669378~PER*BL*TRICARE ELECTRONIC CLAIMS SERVICE CENTER*TE*8003255920~N1*PE*SERENITY COUNSELING SERVICES*XX*1588011043~N3*SUITE 201*10641 WINDSMONT CT~N4*LEHIGH ACRES*FL*33936~REF*TJ*812344400~LX*1~CLP*834-2032*1*120*79.5**CH*H239X3PPR0000*11*1~NM1*QC*1*MOOGAN*WILLIAM*G***HN*834-2032~NM1*82*1*WATERS*LORI*M***XX*1760854152~REF*1H*524943302~DTM*050*20210827~AMT*AU*79.5~SVC*HC:90834:95*120*79.5~DTM*472*20210614~CAS*CO*45*40.5~REF*6R*145834-2032~AMT*B6*79.5~SE*28*0002~GE*2*869190269~IEA*1*869190269~