ISA*00*          *00*          *ZZ*330897513      *ZZ*MEDBOSSC       *210827*1204*^*00501*865698818*0*P*:~GS*HP*330897513*MEDBOSSC*20210827*1204*865698818*X*005010X221A1~ST*835*0001~BPR*I*85*C*ACH*CCP*01*051404260*DA*252781161*1541414194**01*321370765*DA*8102075433*20210830~TRN*1*0000524644*1541414194~N1*PR*BEACON HEALTH OPTIONS, INC.~N3*ATTN FINANCE DEPT~N4*NORFOLK*VA*23502~REF*2U*FDX~PER*BL*VALUEOPTIONS EDI HELPDESK*TE*8882479311*EM*ESUPPORTSERVICES@VALUEOPTIONS.COM~N1*PE*SERENITY COUNSELING SERVICES H*XX*1699008045~N3*10641 WINDSMONT CT~N4*LEHIGH ACRES*FL*339367268~REF*TJ*812344400~LX*1~CLP*0*4*60*0**13*06   082121 04065 00003*11~NM1*QC*1*HANSON*DANE*M***MI*804114~NM1*IL*1*HANSON*DANE*M***MI*804114~NM1*82*2*LINARES, DAVID*****XX*1699008045~REF*1W*804114~REF*1J*E824169~SVC*HC:AEA:60*60*0~DTM*472*20210820~CAS*CO*16*60~REF*6R*001~LQ*HE*MA113~CLP*0*1*85*85**13*06   082321 04065 00366*11~NM1*QC*1*NORMAN*TRISTON*F***MI*1074395~NM1*IL*1*NORMAN*TRISTON*F***MI*1074395~NM1*82*2*LINARES, DAVID*****XX*1699008045~REF*1W*1074395~REF*1J*E824169~SVC*HC:AEA:60*85*85~DTM*472*20210823~REF*6R*001~AMT*B6*85~SE*35*0001~ST*835*0002~BPR*I*85*C*ACH*CCP*01*051404260*DA*252781161*1541414194**01*321370765*DA*8102075433*20210830~TRN*1*0000525109*1541414194~N1*PR*BEACON HEALTH OPTIONS, INC.~N3*ATTN FINANCE DEPT~N4*NORFOLK*VA*23502~REF*2U*FDX~PER*BL*VALUEOPTIONS EDI HELPDESK*TE*8882479311*EM*ESUPPORTSERVICES@VALUEOPTIONS.COM~N1*PE*SERENITY COUNSELING SERVICES H*XX*1699008045~N3*10641 WINDSMONT CT~N4*LEHIGH ACRES*FL*339367268~REF*TJ*812344400~LX*1~CLP*0*1*85*85**13*06   082321 04065 00508*11~NM1*QC*1*GAITHER*ANDREW*J***MI*1102587~NM1*IL*1*GAITHER*ANDREW*J***MI*1102587~NM1*82*2*LINARES, DAVID*****XX*1699008045~REF*1W*1102587~REF*1J*E824169~SVC*HC:AEA:60*85*85~DTM*472*20210823~REF*6R*001~AMT*B6*85~SE*24*0002~ST*835*0003~BPR*I*255*C*ACH*CCP*01*051404260*DA*252781161*1541414194**01*321370765*DA*8102075433*20210830~TRN*1*0000525538*1541414194~N1*PR*BEACON HEALTH OPTIONS, INC.~N3*ATTN FINANCE DEPT~N4*NORFOLK*VA*23502~REF*2U*FDX~PER*BL*VALUEOPTIONS EDI HELPDESK*TE*8882479311*EM*ESUPPORTSERVICES@VALUEOPTIONS.COM~N1*PE*SERENITY COUNSELING SERVICES H*XX*1699008045~N3*10641 WINDSMONT CT~N4*LEHIGH ACRES*FL*339367268~REF*TJ*812344400~LX*1~CLP*0*1*85*85**13*06   082221 04065 00003*11~NM1*QC*1*MCKENZIE*PIERCE****MI*1111085~NM1*IL*1*MCKENZIE*PIERCE****MI*1111085~NM1*82*2*LINARES, DAVID*****XX*1699008045~REF*1W*1111085~REF*1J*E824169~SVC*HC:AEA:60*85*85~DTM*472*20210820~REF*6R*001~AMT*B6*85~CLP*0*1*85*85**13*06   082321 04065 00476*11~NM1*QC*1*MCKENZIE*PIERCE****MI*1111085~NM1*IL*1*MCKENZIE*PIERCE****MI*1111085~NM1*82*2*LINARES, DAVID*****XX*1699008045~REF*1W*1111085~REF*1J*E824169~SVC*HC:AEA:60*85*85~DTM*472*20210823~REF*6R*001~AMT*B6*85~CLP*0*1*85*85**13*06   082021 04065 00411*11~NM1*QC*1*SEVILLA*JULIA*L***MI*1130136~NM1*IL*1*SEVILLA*JULIA*L***MI*1130136~NM1*82*2*LINARES, DAVID*****XX*1699008045~REF*1W*1130136~REF*1J*E824169~SVC*HC:AEA:60*85*85~DTM*472*20210820~REF*6R*001~AMT*B6*85~SE*44*0003~GE*3*865698818~IEA*1*865698818~