ISA*00*          *00*          *ZZ*330897513      *ZZ*MEDBOSSC       *210924*0710*^*00501*874765197*0*P*:~GS*HP*330897513*MEDBOSSC*20210924*0710*874765197*X*005010X221A1~ST*835*0001~BPR*H*0*C*NON************20210924~TRN*1*R88010923010280*1571132733*000000000~REF*EV*7GW0013CA3~REF*F2*1588011043    R88010923010280~DTM*405*20210923~N1*PR*PGBA,LLC~N3*TRICARE WEST REGION CLAIMS*P.O. BOX 202112~N4*FLORENCE*SC*295022112~PER*CX*TRICARE WEST REGION CLAIMS CORRESPONDENCE*TE*8448669378~PER*BL*TRICARE ELECTRONIC CLAIMS SERVICE CENTER*TE*8003255920~N1*PE*SERENITY COUNSELING SERVICES*XX*1588011043~N3*201*99-149 MOANALUA RD~N4*AIEA*HI*96701~REF*TJ*812344400~LX*1~CLP*652-3981*1*120*0**CH*H264X4BDL0000*02*1~NM1*QC*1*ELLIS*NICHOLAS*A***HN*652-3981~NM1*82*1*FERREIRA*LORI****XX*1811143126~REF*1H*576766277~DTM*050*20210921~SVC*HC:90834:95*120*0~DTM*472*20210727~CAS*CO*18*120~REF*6R*290652-3981~LQ*HE*N522~LX*2~CLP*652-3983*1*120*0**CH*H264X4BDM0000*02*1~NM1*QC*1*ELLIS*NICHOLAS*A***HN*652-3983~NM1*82*1*FERREIRA*LORI****XX*1811143126~REF*1H*576766277~DTM*050*20210921~SVC*HC:90834:95*120*0~DTM*472*20210803~CAS*CO*18*120~REF*6R*291652-3983~LQ*HE*N522~LX*3~CLP*652-3987*1*120*0**CH*H264X4BDN0000*02*1~NM1*QC*1*ELLIS*NICHOLAS*A***HN*652-3987~NM1*82*1*FERREIRA*LORI****XX*1811143126~REF*1H*576766277~DTM*050*20210921~SVC*HC:90834:95*120*0~DTM*472*20210818~CAS*CO*18*120~REF*6R*293652-3987~LQ*HE*N522~LX*4~CLP*652-3985*1*120*0**CH*H264X4BDP0000*02*1~NM1*QC*1*ELLIS*NICHOLAS*A***HN*652-3985~NM1*82*1*FERREIRA*LORI****XX*1811143126~REF*1H*576766277~DTM*050*20210921~SVC*HC:90834:95*120*0~DTM*472*20210810~CAS*CO*18*120~REF*6R*292652-3985~LQ*HE*N522~SE*60*0001~ST*835*0002~BPR*I*112.92*C*ACH*CCP*01*043301627*DA*1077670664*1571132733*000000000*01*321370765*DA*8102075433*20210927~TRN*1*5725082265TR1*1571132733*000000000~REF*EV*7GW0013CA3~REF*F2*1588011043    R88010922003280~DTM*405*20210922~N1*PR*PGBA,LLC~N3*TRICARE WEST REGION CLAIMS*P.O. BOX 202112~N4*FLORENCE*SC*295022112~PER*CX*TRICARE WEST REGION CLAIMS CORRESPONDENCE*TE*8448669378~PER*BL*TRICARE ELECTRONIC CLAIMS SERVICE CENTER*TE*8003255920~N1*PE*SERENITY COUNSELING SERVICES*XX*1588011043~N3*201*99-149 MOANALUA RD~N4*AIEA*HI*96701~REF*TJ*812344400~LX*1~CLP*881-4724*1*120*34.59*34.59*CH*H263X4WP40000*02*1~NM1*QC*1*MATERIALE*KATELYN*N***HN*881-4724~NM1*IL*1*MATERIALE*GERARD*A***MI*219478387~NM1*82*1*PLAYTER*AILEEN*T***XX*1013394097~REF*1H*575843780~DTM*050*20210920~AMT*AU*69.18~SVC*HC:90834:95*120*34.59~DTM*472*20210916~CAS*CO*242*50.82~CAS*PR*2*34.59~REF*6R*549881-4724~AMT*B6*69.18~LQ*HE*N212~LX*2~CLP*881-4362*1*90*26.35*26.34*CH*H263X4XGN0000*02*1~NM1*QC*1*MATERIALE*KATELYN*N***HN*881-4362~NM1*IL*1*MATERIALE*GERARD*A***MI*219478387~NM1*82*1*PLAYTER*AILEEN*T***XX*1013394097~REF*1H*575843780~DTM*050*20210920~AMT*AU*52.69~SVC*HC:90832:95*90*26.35~DTM*472*20210902~CAS*CO*242*37.31~CAS*PR*2*26.34~REF*6R*405881-4362~AMT*B6*52.69~LQ*HE*N212~LX*3~CLP*587-4610*1*120*0**CH*H264X01Z00000*02*1~NM1*QC*1*PEREZ MORAN*ALEXIS*M***HN*587-4610~NM1*IL*1*PEREZMORAN*JOSE*F***MI*612845271~DTM*050*20210921~SVC*HC:90847:95*120*0~DTM*472*20210911~CAS*CO*22*120~REF*6R*117587-4610~LQ*HE*N245~LX*4~CLP*881-3894*1*150*51.98*51.98*CH*H264X01Z10000*02*1~NM1*QC*1*MATERIALE*KATELYN*N***HN*881-3894~NM1*IL*1*MATERIALE*GERARD*A***MI*219478387~NM1*82*1*PLAYTER*AILEEN*T***XX*1013394097~REF*1H*575843780~DTM*050*20210921~AMT*AU*103.96~SVC*HC:90837:95*150*51.98~DTM*472*20210819~CAS*CO*242*46.04~CAS*PR*2*51.98~REF*6R*127881-3894~AMT*B6*103.96~LQ*HE*N212~SE*71*0002~GE*2*874765197~IEA*1*874765197~