ISA*00*          *00*          *ZZ*330897513      *ZZ*MEDBOSSC       *210910*1204*^*00501*870010710*0*P*:~GS*HP*330897513*MEDBOSSC*20210910*1204*870010710*X*005010X221A1~ST*835*0001~BPR*I*85*C*ACH*CCP*01*051404260*DA*252781161*1541414194**01*321370765*DA*8102075433*20210913~TRN*1*0000527860*1541414194~N1*PR*BEACON HEALTH OPTIONS, INC.~N3*ATTN FINANCE DEPT~N4*NORFOLK*VA*23502~REF*2U*FDX~PER*BL*VALUEOPTIONS EDI HELPDESK*TE*8882479311*EM*ESUPPORTSERVICES@VALUEOPTIONS.COM~N1*PE*SERENITY COUNSELING SERVICES H*XX*1699008045~N3*10641 WINDSMONT CT~N4*LEHIGH ACRES*FL*339367268~REF*TJ*812344400~LX*1~CLP*0*1*85*85**13*06   083021 04065 00411*11~NM1*QC*1*NATOR*ROSE*L***MI*1104614~NM1*IL*1*NATOR*ROSE*L***MI*1104614~NM1*82*2*LINARES, DAVID*****XX*1699008045~REF*1W*1104614~REF*1J*E824169~SVC*HC:AEA:60*85*85~DTM*472*20210830~REF*6R*001~AMT*B6*85~SE*24*0001~ST*835*0002~BPR*I*170*C*ACH*CCP*01*051404260*DA*252781161*1541414194**01*321370765*DA*8102075433*20210913~TRN*1*0000527308*1541414194~N1*PR*BEACON HEALTH OPTIONS, INC.~N3*ATTN FINANCE DEPT~N4*NORFOLK*VA*23502~REF*2U*FDX~PER*BL*VALUEOPTIONS EDI HELPDESK*TE*8882479311*EM*ESUPPORTSERVICES@VALUEOPTIONS.COM~N1*PE*SERENITY COUNSELING SERVICES H*XX*1699008045~N3*10641 WINDSMONT CT~N4*LEHIGH ACRES*FL*339367268~REF*TJ*812344400~LX*1~CLP*0*1*85*85**13*06   083021 04065 00387*11~NM1*QC*1*CORTEZ*MARTIN*D***MI*1134561~NM1*IL*1*CORTEZ*MARTIN*D***MI*1134561~NM1*82*2*LINARES, DAVID*****XX*1699008045~REF*1W*1134561~REF*1J*E824169~SVC*HC:AEA:60*85*85~DTM*472*20210830~REF*6R*001~AMT*B6*85~CLP*0*1*85*85**13*06   083021 04065 00435*11~NM1*QC*1*NORMAN*TRISTON*F***MI*1074395~NM1*IL*1*NORMAN*TRISTON*F***MI*1074395~NM1*82*2*LINARES, DAVID*****XX*1699008045~REF*1W*1074395~REF*1J*E824169~SVC*HC:AEA:60*85*85~DTM*472*20210830~REF*6R*001~AMT*B6*85~SE*34*0002~GE*2*870010710~IEA*1*870010710~