ISA*00*          *00*          *ZZ*330897513      *ZZ*MEDBOSSC       *210925*0704*^*00501*875139393*0*P*:~GS*HP*330897513*MEDBOSSC*20210925*0704*875139393*X*005010X221A1~ST*835*0001~BPR*I*277.1*C*ACH*CCP*01*043301627*DA*1077764011*1571132733*000000000*01*321370765*DA*8102075433*20210928~TRN*1*5368584265TA1*1571132733*000000000~REF*EV*7GW0013CA3~REF*F2*1588011043    R88010922005608~DTM*405*20210922~N1*PR*PGBA,LLC~N3*TRICARE WEST REGION CLAIMS*P.O. BOX 202112~N4*FLORENCE*SC*295022112~PER*CX*TRICARE WEST REGION CLAIMS CORRESPONDENCE*TE*8448669378~PER*BL*TRICARE ELECTRONIC CLAIMS SERVICE CENTER*TE*8003255920~N1*PE*SERENITY COUNSELING SERVICES*XX*1588011043~N3*201*99-149 MOANALUA RD~N4*AIEA*HI*96701~REF*TJ*812344400~LX*1~CLP*834-4307*1*300*207.92**CH*H263X3PSX0000*02*1~NM1*QC*1*MOOGAN*WILLIAM*G***HN*834-4307~NM1*82*1*WATERS*LORI*M***XX*1760854152~REF*1H*524943302~DTM*050*20210920~AMT*AU*207.92~SVC*HC:90837:95*150*103.96~DTM*472*20210830~CAS*CO*45*46.04~REF*6R*209834-4307~AMT*B6*103.96~SVC*HC:90837:95*150*103.96~DTM*472*20210830~CAS*CO*45*46.04~REF*6R*210834-4307~AMT*B6*103.96~LX*2~CLP*834-4688*1*120*69.18**CH*H263X3PXH0000*02*1~NM1*QC*1*MOOGAN*WILLIAM*G***HN*834-4688~NM1*82*1*WATERS*LORI*M***XX*1760854152~REF*1H*524943302~DTM*050*20210920~AMT*AU*69.18~SVC*HC:90834:95*120*69.18~DTM*472*20210913~CAS*CO*45*50.82~REF*6R*354834-4688~AMT*B6*69.18~SE*45*0001~ST*835*0002~BPR*I*202.24*C*ACH*CCP*01*043301627*DA*1077670664*1571132733*000000000*01*321370765*DA*8102075433*20210928~TRN*1*5725511266TR1*1571132733*000000000~REF*EV*7GW0013CA3~REF*F2*1588011043    R88010923006185~DTM*405*20210923~N1*PR*PGBA,LLC~N3*TRICARE WEST REGION CLAIMS*P.O. BOX 202112~N4*FLORENCE*SC*295022112~PER*CX*TRICARE WEST REGION CLAIMS CORRESPONDENCE*TE*8448669378~PER*BL*TRICARE ELECTRONIC CLAIMS SERVICE CENTER*TE*8003255920~N1*PE*SERENITY COUNSELING SERVICES*XX*1588011043~N3*201*99-149 MOANALUA RD~N4*AIEA*HI*96701~REF*TJ*812344400~LX*1~CLP*587-2211*1*120*0**CH*H263X0J310000*02*1~NM1*QC*1*PEREZ MORAN*ALEXIS*M***HN*587-2211~NM1*IL*1*PEREZMORAN*JOSE*F***MI*612845271~NM1*82*1*WATERS*LORI*M***XX*1760854152~REF*1H*524943302~DTM*050*20210920~SVC*HC:90834:95*120*0~DTM*472*20210622~CAS*CO*22*120~REF*6R*813835177L903463226~LQ*HE*N245~LX*2~CLP*553-125*1*120*0**CH*H263X0J880000*11*1~NM1*QC*1*ALVERSON*CARRIE*J***HN*553-125~NM1*IL*1*ALVERSON*RAYMOND*L***MI*519312353~DTM*050*20210920~SVC*HC:90834:95*120*0~DTM*472*20210405~CAS*CO*18*120~REF*6R*021553-125~LQ*HE*N522~LX*3~CLP*626-4465*1*120*34.59*34.59*CH*H263X3PVY0000*02*1~NM1*QC*1*SWINT*CRYSTAL*I***HN*626-4465~NM1*IL*1*SWINT*ALEXANDER*D***MI*245713148~DTM*050*20210920~AMT*AU*69.18~SVC*HC:90834:95*120*34.59~DTM*472*20210906~CAS*CO*242*50.82~CAS*PR*2*34.59~REF*6R*005626-4465~AMT*B6*69.18~LQ*HE*N212~LX*4~CLP*706-4796*1*150*81.88*20.47*CH*H264X5GMB0000*02*1~NM1*QC*1*GOSWICK*GINA*M***HN*706-4796~NM1*IL*1*GOSWICK*ADAM*J***MI*226576761~NM1*82*1*PLAYTER*AILEEN*T***XX*1013394097~REF*1H*575843780~DTM*050*20210921~AMT*AU*102.35~SVC*HC:90837:95*150*81.88~DTM*472*20210917~CAS*CO*45*47.65~CAS*PR*2*20.47~REF*6R*242706-4796~AMT*B6*102.35~LX*5~CLP*620-4908*1*120*0*69.18*CH*H264X5GMC0000*02*1~NM1*QC*1*JOHNSON*MIHO****HN*620-4908~NM1*IL*1*JOHNSON*COREY*S***MI*105566554~NM1*82*1*FERREIRA*LORI****XX*1811143126~REF*1H*576766277~DTM*050*20210921~AMT*AU*69.18~SVC*HC:90834:95*120*0~DTM*472*20210911~CAS*CO*242*50.82~CAS*PR*1*69.18~REF*6R*334620-4908~AMT*B6*69.18~LQ*HE*N212~LX*6~CLP*663-4859*1*120*0*69.18*CH*H264X5GMT0000*02*1~NM1*QC*1*ORSILLO*JENNIFER*I***HN*663-4859~NM1*IL*1*ORSILLO*ANTHONY*T***MI*618720984~NM1*82*1*FERREIRA*LORI****XX*1811143126~REF*1H*576766277~DTM*050*20210921~AMT*AU*69.18~SVC*HC:90834:95*120*0~DTM*472*20210731~CAS*CO*242*50.82~CAS*PR*1*69.18~REF*6R*238663-4859~AMT*B6*69.18~LQ*HE*N212~LX*7~CLP*626-4938*1*120*34.59*34.59*CH*H264X5GM70000*02*1~NM1*QC*1*SWINT*CRYSTAL*I***HN*626-4938~NM1*IL*1*SWINT*ALEXANDER*D***MI*245713148~DTM*050*20210921~AMT*AU*69.18~SVC*HC:90834:95*120*34.59~DTM*472*20210920~CAS*CO*242*50.82~CAS*PR*2*34.59~REF*6R*237626-4938~AMT*B6*69.18~LQ*HE*N212~LX*8~CLP*400-4917*1*120*0*69.18*CH*H264X5GM80000*02*1~NM1*QC*1*ALEXANDER*SANDRA*A***HN*400-4917~NM1*IL*1*ALEXANDER*TITO*L***MI*463937671~DTM*050*20210921~AMT*AU*69.18~SVC*HC:90834:95*120*0~DTM*472*20210920~CAS*CO*242*50.82~CAS*PR*1*69.18~REF*6R*303400-4917~AMT*B6*69.18~LQ*HE*N212~LX*9~CLP*2093-4767*1*180*0*120.4*CH*H264X5GN20000*02*1~NM1*QC*1*ROBINSON*LAURA*L***HN*2093-4767~NM1*IL*1*ROBINSON*JAMIE*F***MI*028642352~DTM*050*20210921~AMT*AU*120.4~SVC*HC:90791:95*180*0~DTM*472*20210917~CAS*CO*242*59.6~CAS*PR*1*120.4~REF*6R*3472093-4767~AMT*B6*120.4~LQ*HE*N212~LX*10~CLP*881-4126*1*150*51.18*51.17*CH*H264X5GWS0000*02*1~NM1*QC*1*MATERIALE*KATELYN*N***HN*881-4126~NM1*IL*1*MATERIALE*GERARD*A***MI*219478387~NM1*82*1*PLAYTER*AILEEN*T***XX*1013394097~REF*1H*575843780~DTM*050*20210921~AMT*AU*102.35~SVC*HC:90837:95*150*51.18~DTM*472*20210826~CAS*CO*242*47.65~CAS*PR*2*51.17~REF*6R*658881-4126~AMT*B6*102.35~LQ*HE*N212~SE*149*0002~GE*2*875139393~IEA*1*875139393~