ISA*00*          *00*          *ZZ*330897513      *ZZ*MEDBOSSC       *210805*0242*^*00501*858752334*0*P*:~GS*HP*330897513*MEDBOSSC*20210805*0242*858752334*X*005010X221A1~ST*835*0001~BPR*I*588.68*C*ACH*CCP*01*121301015*DA*01076140*1990040115**01*321370765*DA*8102075433*20210805~TRN*1*1987355*1990040115~REF*F2*5.40~DTM*405*20210802~N1*PR*HAWAII MEDICAL SERVICE ASSOCIATION~N3*818 KEEAUMOKU ST~N4*HONOLULU*HI*96814~PER*BL*ETS*TE*8089486355~N1*PE*SERENITY COUNSELING SERVICES HAWAII LLC*XX*1588011043~REF*TJ*812344400~LX*1~CLP*640-3215*1*120*68.38**MC*21210E002012*02~NM1*QC*1*DIGIOVANNI*JOURNIE****MI*0002595228~NM1*74*1***C~NM1*82*2*LINARES*****XX*1699008045~DTM*232*20210726~DTM*233*20210726~DTM*050*20210728~AMT*AU*68.38~SVC*HC:90834:95*120*68.38~CAS*CO*45*51.62~REF*6R*117640-3215~AMT*B6*68.38~CLP*897-2624*1*120*68.38**MC*21210E002018*02~NM1*QC*1*PEITERSON*SCOTT****MI*0002449442~NM1*82*2*LINARES*****XX*1699008045~DTM*232*20210705~DTM*233*20210705~DTM*050*20210728~AMT*AU*68.38~SVC*HC:90834:95*120*68.38~CAS*CO*45*51.62~REF*6R*704897-2624~AMT*B6*68.38~CLP*897-2141*1*180*100**MC*21210E002128*11~NM1*QC*1*PEITERSON*SCOTT****MI*0002449442~NM1*82*2*LINARES*****XX*1699008045~DTM*232*20210619~DTM*233*20210619~DTM*050*20210728~AMT*AU*100~SVC*HC:90791*180*100~CAS*CO*45*80~REF*6R*712897-2141~AMT*B6*100~CLP*897-2174*1*120*68.38**MC*21210E002130*02~NM1*QC*1*PEITERSON*SCOTT****MI*0002449442~NM1*82*2*LINARES*****XX*1699008045~DTM*232*20210621~DTM*233*20210621~DTM*050*20210728~AMT*AU*68.38~SVC*HC:90834:95*120*68.38~CAS*CO*45*51.62~REF*6R*719897-2174~AMT*B6*68.38~CLP*897-3146*1*120*68.38**MC*21210E002183*02~NM1*QC*1*PEITERSON*SCOTT****MI*0002449442~NM1*82*2*LINARES*****XX*1699008045~DTM*232*20210724~DTM*233*20210724~DTM*050*20210728~AMT*AU*68.38~SVC*HC:90834:95*120*68.38~CAS*CO*45*51.62~REF*6R*697897-3146~AMT*B6*68.38~CLP*858-3059*1*150*107.58**MC*21211E001894*02~NM1*QC*1*CHUN*MARIAH****MI*0000806519~NM1*74*1***N~NM1*82*2*PLAYTER*****XX*1013394097~DTM*232*20210720~DTM*233*20210720~DTM*050*20210729~AMT*AU*107.58~SVC*HC:90837:95*150*107.58~CAS*CO*45*42.42~REF*6R*809858-3059~AMT*B6*107.58~CLP*858-3259*1*150*107.58**MC*21214E004316*02~NM1*QC*1*CHUN*MARIAH****MI*0000806519~NM1*74*1***N~NM1*82*2*PLAYTER*****XX*1013394097~DTM*232*20210727~DTM*233*20210727~DTM*050*20210802~AMT*AU*107.58~SVC*HC:90837:95*150*107.58~CAS*CO*45*42.42~REF*6R*643858-3259~AMT*B6*107.58~SE*93*0001~GE*1*858752334~IEA*1*858752334~