ISA*00*          *00*          *ZZ*330897513      *ZZ*MEDBOSSC       *211113*0706*^*00501*892097726*0*P*:~GS*HP*330897513*MEDBOSSC*20211113*0706*892097726*X*005010X221A1~ST*835*0001~BPR*I*160.64*C*ACH*CCP*01*043301627*DA*1077670664*1571132733*000000000*01*321370765*DA*8102075433*20211116~TRN*1*5100771315TR2*1571132733*000000000~REF*EV*7GW0013CA3~REF*F2*1588011043    R88011111003799~DTM*405*20211111~N1*PR*PGBA,LLC~N3*TRICARE WEST REGION CLAIMS*P.O. BOX 202112~N4*FLORENCE*SC*295022112~PER*CX*TRICARE WEST REGION CLAIMS CORRESPONDENCE*TE*8448669378~PER*BL*TRICARE ELECTRONIC CLAIMS SERVICE CENTER*TE*8003255920~N1*PE*SERENITY COUNSELING SERVICES*XX*1588011043~N3*201*99-149 MOANALUA RD~N4*AIEA*HI*96701~REF*TJ*812344400~LX*1~CLP*620-6287*1*120*70.34**CH*H312X0PM70000*02*1~NM1*QC*1*JOHNSON*MIHO****HN*620-6287~NM1*IL*1*JOHNSON*COREY*S***MI*105566554~NM1*82*1*FERREIRA*LORI****XX*1811143126~REF*1H*576766277~DTM*050*20211108~AMT*AU*70.34~SVC*HC:90834:95*120*70.34~DTM*472*20210703~CAS*CO*45*49.66~REF*6R*423620-6287~AMT*B6*70.34~LX*2~CLP*2169-6325*1*180*90.3*30.1*CH*H313X5KRS0000*02*1~NM1*QC*1*RESURRECCION*CASSIDY*N***HN*2169-6325~NM1*IL*1*RESURRECCION*DENNIS*J***MI*576983588~NM1*82*1*PLAYTER*AILEEN*T***XX*1013394097~REF*1H*575843780~DTM*050*20211109~AMT*AU*120.4~SVC*HC:90791:95*180*90.3~DTM*472*20211105~CAS*CO*45*59.6~CAS*PR*2*30.1~REF*6R*3582169-6325~AMT*B6*120.4~LX*3~CLP*739-6333*1*150*0*117.31*CH*H314X17SC0000*11*1~NM1*QC*1*SCHRIMPF*ALICIA*N***HN*739-6333~NM1*IL*1*SCHRIMPF*JEREMY*M***MI*614423533~NM1*82*1*PLAYTER*AILEEN*T***XX*1013394097~REF*1H*575843780~DTM*050*20211110~AMT*AU*117.31~SVC*HC:90837:95*150*0~DTM*472*20211102~CAS*CO*242*32.69~CAS*PR*1*117.31~REF*6R*819898323L919275652~AMT*B6*117.31~LQ*HE*N212~LX*4~CLP*2019-6370*1*120*0*70.34*CH*H314X3WDN0000*02*1~NM1*QC*1*BRINDLEY*ELIZABETH*A***HN*2019-6370~NM1*IL*1*BRINDLEY*CHRISTOPHER*W***MI*519133611~NM1*82*1*FERREIRA*LORI****XX*1811143126~REF*1H*576766277~DTM*050*20211110~AMT*AU*70.34~SVC*HC:90834:95*120*0~DTM*472*20210826~CAS*CO*242*49.66~CAS*PR*1*70.34~REF*6R*0482019-6370~AMT*B6*70.34~LQ*HE*N212~SE*73*0001~GE*1*892097726~IEA*1*892097726~