ISA*00*          *00*          *ZZ*330897513      *ZZ*MEDBOSSC       *211102*0248*^*00501*888094382*0*P*:~GS*HP*330897513*MEDBOSSC*20211102*0248*888094382*X*005010X221A1~ST*835*0001~BPR*I*104.68*C*ACH*CCP*01*121301015*DA*01031503*1990040115**01*321370765*DA*81020-75433*20211102~TRN*1*1146578*1990040115~REF*F2*5.40~DTM*405*20211022~N1*PR*HAWAII MEDICAL SERVICE ASSOCIATION~N3*818 KEEAUMOKU ST~N4*HONOLULU*HI*96814~PER*BL*ETS*TE*8089486355~N1*PE*SERENITY COUNSELING SERVIC*XX*1588011043~REF*TJ*812344400~LX*1~CLP*2122-5655*1*120*104.68**HM*21295E0004013*02~NM1*QC*1*HOLLAR*AMELIA*M.***MI*HFPF000030991228~NM1*IL*1*HOLLAR*WILLIAM*M.***MI*HFPF000030991228~NM1*82*1*WATERS*LORI*M***XX*1760854152~REF*CE*087~DTM*232*20211020~DTM*233*20211020~DTM*050*20211021~AMT*AU*104.68~SVC*HC:90834:95*120*104.68~CAS*CO*45*15.32~REF*6R*0572122-5655~AMT*B6*104.68~SE*26*0001~ST*835*0002~BPR*I*87.97*C*ACH*CCP*01*121301015*DA*48070310*1990040115**01*321370765*DA*81020-75433*20211102~TRN*1*1678882*1990040115~REF*F2*5.40~DTM*405*20211025~N1*PR*HAWAII MEDICAL SERVICE ASSOCIATION~N3*818 KEEAUMOKU ST~N4*HONOLULU*HI*96814~PER*BL*ETS*TE*8089486355~N1*PE*SERENITY COUNSELING SERVIC*XX*1588011043~REF*TJ*812344400~LX*1~CLP*2572249437*1*190*0*190*HM*21292E0003944*02~NM1*QC*1*ORA A*LORNA****MI*R000080976459~NM1*IL*1*AARON*FERGUSON****MI*R000080976459~NM1*74*1*FERGUSON*AARON~NM1*82*1*PLAYTER*AILEEN*T***XX*1013394097~REF*CE*YQ~DTM*232*20210518~DTM*233*20210518~DTM*050*20211018~AMT*AU*135.92~SVC*HC:90791:95*190*0~CAS*PR*204*190~REF*6R*6472572249437~AMT*B6*135.92~LQ*HE*N130~CLP*942-3458*2*180*0**HM*2129800000481*02~NM1*QC*1*SHOOK*KEOLAMAI****MI*R000080089287~NM1*IL*1*JODI-LYNN*KEOLAMAI****MI*R000080089287~NM1*74*1*SHOOK*JODILYNN*N~NM1*82*1*LINARES*DAVID****XX*1699008045~REF*CE*XA~DTM*232*20210731~DTM*233*20210731~DTM*050*20211025~SVC*HC:90791:95*180*0~CAS*OA*18*180~REF*6R*447942-3458~LQ*HE*N522~CLP*942-3656*2*120*0**HM*2129800002508*02~NM1*QC*1*SHOOK*KEOLAMAI****MI*R000080089287~NM1*IL*1*JODI-LYNN*KEOLAMAI****MI*R000080089287~NM1*74*1*SHOOK*JODILYNN*N~NM1*82*1*LINARES*DAVID****XX*1699008045~REF*CE*XA~DTM*232*20210807~DTM*233*20210807~DTM*050*20211025~SVC*HC:90834:95*120*0~CAS*OA*18*120~REF*6R*448942-3656~LQ*HE*N522~CLP*734-5648*1*120*87.97*12*12*21295E0005512*02~NM1*QC*1*RIFE*ROBYN****MI*R000083705426~NM1*IL*1*RIFE*ROBYN****MI*R000083705426~NM1*74*1**ROBERT~NM1*82*1*WATERS*LORI*M***XX*1760854152~REF*CE*766~DTM*232*20211019~DTM*233*20211019~DTM*050*20211021~AMT*AU*99.97~SVC*HC:90834:95*120*87.97~CAS*PR*3*12~CAS*CO*45*20.03~REF*6R*055734-5648~AMT*B6*99.97~CLP*2046-5446*2*150*0**12*2129800001001*02~NM1*QC*1*BORNIOS-ELIZAGA*RACHELLE****MI*R000084348135~NM1*IL*1*BORNIOS-ELIZAGA*RACHELLE****MI*R000084348135~NM1*74*1*ELIZAGA*ANTHONY*C***C*R000027533587~NM1*82*1*MATSUMOTO*NATALIA*A***XX*1427398312~REF*CE*837~DTM*232*20210911~DTM*233*20210911~DTM*050*20211025~AMT*AU*107.39~SVC*HC:90837:95*150*0~CAS*OA*23*150~REF*6R*9172046-5446~AMT*B6*107.39~CLP*2046-5463*2*150*0**12*2129800003580*02~NM1*QC*1*BORNIOS-ELIZAGA*RACHELLE****MI*R000084348135~NM1*IL*1*BORNIOS-ELIZAGA*RACHELLE****MI*R000084348135~NM1*74*1*ELIZAGA*ANTHONY*C***C*R000027533587~NM1*82*1*MATSUMOTO*NATALIA*A***XX*1427398312~REF*CE*837~DTM*232*20210918~DTM*233*20210918~DTM*050*20211025~AMT*AU*107.39~SVC*HC:90837:95*150*0~CAS*OA*23*150~REF*6R*2802046-5463~AMT*B6*107.39~CLP*2046-5487*2*150*0**12*2129800003628*02~NM1*QC*1*BORNIOS-ELIZAGA*RACHELLE****MI*R000084348135~NM1*IL*1*BORNIOS-ELIZAGA*RACHELLE****MI*R000084348135~NM1*74*1*ELIZAGA*ANTHONY*C***C*R000027533587~NM1*82*1*MATSUMOTO*NATALIA*A***XX*1427398312~REF*CE*837~DTM*232*20210925~DTM*233*20210925~DTM*050*20211025~AMT*AU*107.39~SVC*HC:90837:95*150*0~CAS*OA*23*150~REF*6R*2142046-5487~AMT*B6*107.39~SE*111*0002~GE*2*888094382~IEA*1*888094382~