ISA*00*          *00*          *ZZ*330897513      *ZZ*MEDBOSSC       *211109*0250*^*00501*890571849*0*P*:~GS*HP*330897513*MEDBOSSC*20211109*0250*890571849*X*005010X221A1~ST*835*0001~BPR*I*68.13*C*ACH*CCP*01*121301015*DA*48070310*1990040115**01*321370765*DA*81020-75433*20211109~TRN*1*1681248*1990040115~REF*F2*5.40~DTM*405*20211104~N1*PR*HAWAII MEDICAL SERVICE ASSOCIATION~N3*818 KEEAUMOKU ST~N4*HONOLULU*HI*96814~PER*BL*ETS*TE*8089486355~N1*PE*SERENITY COUNSELING SERVIC*XX*1588011043~REF*TJ*812344400~LX*1~CLP*720-6044*1*90*68.13**12*21308E0008451*02~NM1*QC*1*NATALIE*OWENS****MI*XLAR000030570758~NM1*IL*1*NATALIE*OWENS****MI*XLAR000030570758~NM1*74*1*OWENS*LAMONT****C*R000030570758~NM1*82*1*PLAYTER*AILEEN*T***XX*1013394097~REF*CE*898~DTM*232*20211101~DTM*233*20211101~DTM*050*20211103~AMT*AU*68.13~SVC*HC:90832:95*90*68.13~CAS*CO*45*21.87~REF*6R*926720-6044~AMT*B6*68.13~CLP*2081-5448*2*150*0**12*21305E0003421*02~NM1*QC*1*CACACHO*VALERIE*PASCUAL***MI*R000080262009~NM1*82*1*MATSUMOTO*NATALIA*A***XX*1427398312~REF*CE*762~DTM*232*20210911~DTM*233*20210911~DTM*050*20211031~SVC*HC:90837:95*150*0~CAS*OA*18*150~REF*6R*5962081-5448~LQ*HE*N522~CLP*2572249436*1*120*0*120*12*21305E0009692*02~NM1*QC*1*KAM*OULILANI****MI*R000022657597~NM1*74*1***K~NM1*82*1*FERREIRA*LORI*M***XX*1811143126~REF*CE*758~DTM*232*20210301~DTM*233*20210301~DTM*050*20211031~AMT*AU*99.97~SVC*HC:90834:95*120*0~CAS*PR*204*120~REF*6R*4052572249436~AMT*B6*99.97~LQ*HE*N130~SE*52*0001~ST*835*0002~BPR*I*112.45*C*ACH*CCP*01*121301015*DA*01031503*1990040115**01*321370765*DA*81020-75433*20211109~TRN*1*1148162*1990040115~REF*F2*5.40~DTM*405*20211104~N1*PR*HAWAII MEDICAL SERVICE ASSOCIATION~N3*818 KEEAUMOKU ST~N4*HONOLULU*HI*96814~PER*BL*ETS*TE*8089486355~N1*PE*SERENITY COUNSELING SERVIC*XX*1588011043~REF*TJ*812344400~LX*1~CLP*731-6090*1*150*112.45**HM*21308E0007684*02~NM1*QC*1*CARINIO*JASON****MI*HFPF000025476797~NM1*74*1***R***C*F000025476797~NM1*82*1*PLAYTER*AILEEN*T***XX*1013394097~REF*CE*087~DTM*232*20211101~DTM*233*20211101~DTM*050*20211103~AMT*AU*112.45~SVC*HC:90837:95*150*112.45~CAS*CO*45*37.55~REF*6R*927731-6090~AMT*B6*112.45~SE*26*0002~GE*2*890571849~IEA*1*890571849~