ISA*00*          *00*          *ZZ*330897513      *ZZ*MEDBOSSC       *211005*0708*^*00501*878180944*0*P*:~GS*HP*330897513*MEDBOSSC*20211005*0708*878180944*X*005010X221A1~ST*835*0001~BPR*I*453.62*C*ACH*CCP*01*043301627*DA*1077670664*1571132733*000000000*01*321370765*DA*8102075433*20211006~TRN*1*5008555274TR2*1571132733*000000000~REF*EV*7GW0013CA3~REF*F2*1588011043    R88011001012504~DTM*405*20211001~N1*PR*PGBA,LLC~N3*TRICARE WEST REGION CLAIMS*P.O. BOX 202112~N4*FLORENCE*SC*295022112~PER*CX*TRICARE WEST REGION CLAIMS CORRESPONDENCE*TE*8448669378~PER*BL*TRICARE ELECTRONIC CLAIMS SERVICE CENTER*TE*8003255920~N1*PE*SERENITY COUNSELING SERVICES*XX*1588011043~N3*201*99-149 MOANALUA RD~N4*AIEA*HI*96701~REF*TJ*812344400~LX*1~CLP*645-4445*1*120*64.52**CH*H264X4C5N0000*02*1~NM1*QC*1*BAXTER*HOPE*O***HN*645-4445~NM1*IL*1*BAXTER*WILLIAM*H***MI*457791804~NM1*82*1*FERREIRA*LORI****XX*1811143126~REF*1H*576766277~DTM*050*20210921~AMT*AU*64.52~SVC*HC:90834:95*120*64.52~DTM*472*20210210~CAS*CO*45*55.48~REF*6R*261645-4445~AMT*B6*64.52~LX*2~CLP*645-4447*1*120*64.52**CH*H264X4C5P0000*02*1~NM1*QC*1*BAXTER*HOPE*O***HN*645-4447~NM1*IL*1*BAXTER*WILLIAM*H***MI*457791804~NM1*82*1*FERREIRA*LORI****XX*1811143126~REF*1H*576766277~DTM*050*20210921~AMT*AU*64.52~SVC*HC:90834:95*120*64.52~DTM*472*20210112~CAS*CO*45*55.48~REF*6R*262645-4447~AMT*B6*64.52~LX*3~CLP*645-4446*1*120*64.52**CH*H264X4C5Q0000*02*1~NM1*QC*1*BAXTER*HOPE*O***HN*645-4446~NM1*IL*1*BAXTER*WILLIAM*H***MI*457791804~NM1*82*1*FERREIRA*LORI****XX*1811143126~REF*1H*576766277~DTM*050*20210921~AMT*AU*64.52~SVC*HC:90834:95*120*64.52~DTM*472*20210120~CAS*CO*45*55.48~REF*6R*263645-4446~AMT*B6*64.52~LX*4~CLP*729-4743*1*120*0*120*CH*H264X5GM40000*02*1~NM1*QC*1*GOMES*BLAISE*R***HN*729-4743~NM1*82*1*PLAYTER*AILEEN*T***XX*1013394097~REF*1H*575843780~DTM*050*20210921~SVC*HC:90834:95*120*0~DTM*472*20210916~CAS*PR*32*120~REF*6R*221729-4743~LQ*HE*N52~LX*5~CLP*729-4739*1*120*0*120*CH*H264X5GM90000*02*1~NM1*QC*1*GOMES*BLAISE*R***HN*729-4739~NM1*82*1*PLAYTER*AILEEN*T***XX*1013394097~REF*1H*575843780~DTM*050*20210921~SVC*HC:90834:95*120*0~DTM*472*20210902~CAS*PR*32*120~REF*6R*240729-4739~LQ*HE*N52~LX*6~CLP*553-4712*1*120*69.18**CH*H264X5GWQ0000*02*1~NM1*QC*1*ALVERSON*CARRIE*J***HN*553-4712~NM1*IL*1*ALVERSON*RAYMOND*L***MI*519312353~DTM*050*20210921~AMT*AU*69.18~SVC*HC:90834:95*120*69.18~DTM*472*20210328~CAS*CO*45*50.82~REF*6R*651553-4712~AMT*B6*69.18~LX*7~CLP*636-4710*1*120*69.18**CH*H264X5GWR0000*02*1~NM1*QC*1*NGUYEN*AMBER*N***HN*636-4710~NM1*IL*1*NGUYEN*TUAN*A***MI*463733342~NM1*82*1*FERREIRA*LORI****XX*1811143126~REF*1H*576766277~DTM*050*20210921~AMT*AU*69.18~SVC*HC:90834:95*120*69.18~DTM*472*20210318~CAS*CO*45*50.82~REF*6R*654636-4710~AMT*B6*69.18~LX*8~CLP*2034-4979*1*180*0*118.93*CH*H266X00YR0000*02*1~NM1*QC*1*REINHARDT*MICHELLE*R***HN*2034-4979~NM1*IL*1*COX*JAMES*R***MI*405355700~NM1*82*1*PLAYTER*AILEEN*T***XX*1013394097~REF*1H*575843780~DTM*050*20210923~AMT*AU*118.93~SVC*HC:90791:95*180*0~DTM*472*20210917~CAS*CO*242*61.07~CAS*PR*1*118.93~REF*6R*8112034-4979~AMT*B6*118.93~LQ*HE*N212~LX*9~CLP*2034-5034*1*150*0*102.35*CH*H272X5Z1K0000*02*1~NM1*QC*1*REINHARDT*MICHELLE*R***HN*2034-5034~NM1*IL*1*COX*JAMES*R***MI*405355700~NM1*82*1*PLAYTER*AILEEN*T***XX*1013394097~REF*1H*575843780~DTM*050*20210929~AMT*AU*102.35~SVC*HC:90837:95*150*0~DTM*472*20210924~CAS*CO*242*47.65~CAS*PR*1*102.35~REF*6R*6412034-5034~AMT*B6*102.35~LQ*HE*N212~LX*10~CLP*724-5054*1*150*51.18*51.17*CH*H272X5Z1L0000*02*1~NM1*QC*1*MARSI*KATE*D***HN*724-5054~NM1*IL*1*MARSI*RYAN*E***MI*624489057~NM1*82*1*PLAYTER*AILEEN*T***XX*1013394097~REF*1H*575843780~DTM*050*20210929~AMT*AU*102.35~SVC*HC:90837:95*150*51.18~DTM*472*20210924~CAS*CO*242*47.65~CAS*PR*2*51.17~REF*6R*642724-5054~AMT*B6*102.35~LQ*HE*N212~LX*11~CLP*2108-5066*1*180*0*180*CH*H272X5Z1N0000*02*1~NM1*QC*1*CRUZ LANDRO*MARIA ESPER****HN*2108-5066~NM1*IL*1*LANDRO*FREDERICK****MI*00340076509~NM1*82*1*PLAYTER*AILEEN*T***XX*1013394097~REF*1H*575843780~DTM*050*20210929~SVC*HC:90791:95*180*0~DTM*472*20210924~CAS*PR*16*180~REF*6R*6432108-5066~LQ*HE*N382~LX*12~CLP*556-5033*1*120*0*120*CH*H272X5Z1Q0000*02*1~NM1*QC*1*ATKINS*SOHPIE****HN*556-5033~NM1*IL*1*ATKINS*SOHPIE****MI*01282254802~DTM*050*20210929~SVC*HC:90834:95*120*0~DTM*472*20210924~CAS*PR*16*120~REF*6R*644556-5033~LQ*HE*N382~LX*13~CLP*575-5101*1*120*24.11*45.07*CH*H272X5Z2F0000*02*1~NM1*QC*1*TEASLEY*SHAWN*D***HN*575-5101~NM1*IL*1*TEASLEY*SHAWN*D***MI*168569361~DTM*050*20210929~AMT*AU*69.18~SVC*HC:90834:95*120*24.11~DTM*472*20210927~CAS*CO*242*50.82~CAS*PR*1*20.96**2*24.11~REF*6R*628575-5101~AMT*B6*69.18~LQ*HE*N212~LX*14~CLP*626-5114*1*120*34.59*34.59*CH*H272X5Z2H0000*02*1~NM1*QC*1*SWINT*CRYSTAL*I***HN*626-5114~NM1*IL*1*SWINT*ALEXANDER*D***MI*245713148~DTM*050*20210929~AMT*AU*69.18~SVC*HC:90834:95*120*34.59~DTM*472*20210927~CAS*CO*242*50.82~CAS*PR*2*34.59~REF*6R*631626-5114~AMT*B6*69.18~LQ*HE*N212~LX*15~CLP*2070-5018*1*150*11.82*90.53*CH*H272X5Z270000*02*1~NM1*QC*1*MORRIS*JESSICA*D***HN*2070-5018~NM1*IL*1*MORRIS*LUKE*R***MI*623709077~NM1*82*1*PLAYTER*AILEEN*T***XX*1013394097~REF*1H*575843780~DTM*050*20210929~AMT*AU*102.35~SVC*HC:90837:95*150*11.82~DTM*472*20210923~CAS*CO*242*47.65~CAS*PR*1*78.72**2*11.81~REF*6R*6882070-5018~AMT*B6*102.35~LQ*HE*N212~LX*16~CLP*587-5072*1*120*0**CH*H273X00M30000*02*1~NM1*QC*1*PEREZ MORAN*ALEXIS*M***HN*587-5072~NM1*IL*1*PEREZMORAN*JOSE*F***MI*612845271~DTM*050*20210930~SVC*HC:90847:95*120*0~DTM*472*20210925~CAS*CO*22*120~REF*6R*518587-5072~LQ*HE*N245~SE*219*0001~GE*1*878180944~IEA*1*878180944~