ISA*00*          *00*          *ZZ*330897513      *ZZ*MEDBOSSC       *210710*1132*^*00501*850195874*0*P*:~GS*HP*330897513*MEDBOSSC*20210710*1132*850195874*X*005010X221A1~ST*835*0001~BPR*I*116*C*CHK************20210707~TRN*1*173952956*1591031071~REF*EV*330897513~REF*F2*1~DTM*405*20210710~N1*PR*CIGNA HEALTH AND LIFE INSURANCE COMPANY~N3*P. O. BOX 182223~N4*CHATTANOOGA*TN*374227223~PER*BL*EDI HELP DESK*TE*8008103388~N1*PE*SERENITY COUNSELING SVC*XX*1588011043~N3*99-149 MOANALUA RD # 201~N4*AIEA*HI*967010000~REF*TJ*812344400~LX*1~TS3*1588011043*02*20211231*2*240~CLP*665-2490*1*120*58*15*13*8222118790070*11*1~NM1*QC*1*CHOY*LINDSEY*M***MI*U6767521402~NM1*IL*1*CHOY*MILAN****MI*U6767521401~NM1*82*1*FERREIRA*LORI****XX*1811143126~REF*1L*3208576~REF*CE*OPEN ACCESS PLUS~DTM*232*20210429~DTM*233*20210429~DTM*050*20210702~PER*CX*MEMBER SERVICES*TE*8002446224~AMT*AU*73~SVC*HC:90834*120*58~CAS*CO*45*47~CAS*PR*3*15~REF*6R*960665-2490~AMT*B6*73~CLP*665-2492*1*120*58*15*13*8222118790071*11*1~NM1*QC*1*CHOY*LINDSEY*M***MI*U6767521402~NM1*IL*1*CHOY*MILAN****MI*U6767521401~NM1*82*1*FERREIRA*LORI****XX*1811143126~REF*1L*3208576~REF*CE*OPEN ACCESS PLUS~DTM*232*20210522~DTM*233*20210522~DTM*050*20210702~PER*CX*MEMBER SERVICES*TE*8002446224~AMT*AU*73~SVC*HC:90834*120*58~CAS*CO*45*47~CAS*PR*3*15~REF*6R*837665-2492~AMT*B6*73~SE*49*0001~GE*1*850195874~IEA*1*850195874~