ISA*00*          *00*          *ZZ*330897513      *ZZ*MEDBOSSC       *210907*0239*^*00501*868982076*0*P*:~GS*HP*330897513*MEDBOSSC*20210907*0239*868982076*X*005010X221A1~ST*835*0001~BPR*I*2869.1*C*ACH*CCP*01*121301015*DA*48070310*1990040115**01*321370765*DA*81020-75433*20210907~TRN*1*1659999*1990040115~REF*F2*5.40~DTM*405*20210831~N1*PR*HAWAII MEDICAL SERVICE ASSOCIATION~N3*818 KEEAUMOKU ST~N4*HONOLULU*HI*96814~PER*BL*ETS*TE*8089486355~N1*PE*SERENITY COUNSELING SERVIC*XX*1588011043~REF*TJ*812344400~LX*1~CLP*758-2443*1*120*85.97*14*12*21242E0005726*02~NM1*QC*1*SCOTT ALLE*YAGO****MI*XLRR000082156936~NM1*74*1*YAGO*SCOTT ALLEN*R***C*R000082156936~NM1*82*1*WATERS*LORI*M***XX*1760854152~REF*CE*744~DTM*232*20210628~DTM*233*20210628~DTM*050*20210829~AMT*AU*99.97~SVC*HC:90834:95*120*85.97~CAS*PR*3*14~CAS*CO*45*20.03~REF*6R*150758-2443~AMT*B6*99.97~CLP*720-3851*1*150*107.39**12*21242E0006795*11~NM1*QC*1*NATALIE*OWENS****MI*XLAR000030570758~NM1*IL*1*NATALIE*OWENS****MI*XLAR000030570758~NM1*74*1*OWENS*LAMONT****C*R000030570758~NM1*82*1*PLAYTER*AILEEN*T***XX*1013394097~REF*CE*898~DTM*232*20210817~DTM*233*20210817~DTM*050*20210829~AMT*AU*107.39~SVC*HC:90837:95*150*107.39~CAS*CO*45*42.61~REF*6R*335720-3851~AMT*B6*107.39~CLP*758-2034*1*120*85.97*14*12*21242E0008016*02~NM1*QC*1*SCOTT ALLE*YAGO****MI*XLRR000082156936~NM1*74*1*YAGO*SCOTT ALLEN*R***C*R000082156936~NM1*82*1*WATERS*LORI*M***XX*1760854152~REF*CE*744~DTM*232*20210614~DTM*233*20210614~DTM*050*20210829~AMT*AU*99.97~SVC*HC:90834:95*120*85.97~CAS*PR*3*14~CAS*CO*45*20.03~REF*6R*207758-2034~AMT*B6*99.97~CLP*720-3748*1*150*107.39**12*21242E0008214*02~NM1*QC*1*NATALIE*OWENS****MI*XLAR000030570758~NM1*IL*1*NATALIE*OWENS****MI*XLAR000030570758~NM1*74*1*OWENS*LAMONT****C*R000030570758~NM1*82*1*PLAYTER*AILEEN*T***XX*1013394097~REF*CE*898~DTM*232*20210810~DTM*233*20210810~DTM*050*20210829~AMT*AU*107.39~SVC*HC:90837:95*150*107.39~CAS*CO*45*42.61~REF*6R*147720-3748~AMT*B6*107.39~CLP*639-3734*1*120*87.97*12*12*21239E0004326*02~NM1*QC*1*CORREA*MICHELE****MI*XLPR000081874406~NM1*74*1***M***C*R000081874406~NM1*82*1*FERREIRA*LORI*M***XX*1811143126~REF*CE*754~DTM*232*20210803~DTM*233*20210803~DTM*050*20210826~AMT*AU*99.97~SVC*HC:90834:95*120*87.97~CAS*PR*3*12~CAS*CO*45*20.03~REF*6R*658639-3734~AMT*B6*99.97~CLP*726-3617*1*150*95.39*12*12*21239E0005141*02~NM1*QC*1*MARTIN*SANDRA*SANDI***MI*XLPR000080101728~NM1*74*1***L***C*R000080101728~NM1*82*1*PLAYTER*AILEEN*T***XX*1013394097~REF*CE*754~DTM*232*20210806~DTM*233*20210806~DTM*050*20210826~AMT*AU*107.39~SVC*HC:90837:95*150*95.39~CAS*PR*3*12~CAS*CO*45*42.61~REF*6R*659726-3617~AMT*B6*107.39~CLP*747-3869*1*150*95.39*12*12*21242E0005163*02~NM1*QC*1*KIRK*JONATHAN****MI*XLPR000080356330~NM1*IL*1*KRIK*AARON****MI*XLPR000080356330~NM1*74*1*STEITZ*MICHELLE*M***C*R000082708413~NM1*82*1*WATERS*LORI*M***XX*1760854152~REF*CE*828~DTM*232*20210817~DTM*233*20210817~DTM*050*20210829~AMT*AU*107.39~SVC*HC:90837:95*150*95.39~CAS*PR*3*12~CAS*CO*45*42.61~REF*6R*714747-3869~AMT*B6*107.39~CLP*890-2932*1*180*117.8*12*12*21242E0005169*02~NM1*QC*1*COPELAND*MAYA****MI*XLRR000080426760~NM1*IL*1*COPELAND*JESSE****MI*XLRR000080426760~NM1*74*1***L***C*R000080426760~NM1*82*1*WATERS*LORI*M***XX*1760854152~REF*CE*828~DTM*232*20210714~DTM*233*20210714~DTM*050*20210829~AMT*AU*129.8~SVC*HC:90791:95*180*117.8~CAS*PR*3*12~CAS*CO*45*50.2~REF*6R*710890-2932~AMT*B6*129.8~CLP*554-3803*1*120*87.97*12*12*21242E0005805*02~NM1*QC*1*KAWAMOTO*RENEE****MI*R000080509243~NM1*IL*1*KAWAMOTO*RENEE****MI*R000080509243~NM1*74*1**KALEN*M~NM1*82*1*LINARES*DAVID****XX*1699008045~REF*CE*686~DTM*232*20210814~DTM*233*20210814~DTM*050*20210829~AMT*AU*99.97~SVC*HC:90834:95*120*87.97~CAS*PR*3*12~CAS*CO*45*20.03~REF*6R*768554-3803~AMT*B6*99.97~CLP*738-3172*1*120*87.97*12*12*21242E0005940*02~NM1*QC*1*LOPEZ*SHASTY****MI*R000084315951~NM1*82*1*WATERS*LORI*M***XX*1760854152~REF*CE*662~DTM*232*20210721~DTM*233*20210721~DTM*050*20210829~AMT*AU*99.97~SVC*HC:90834:95*120*87.97~CAS*PR*3*12~CAS*CO*45*20.03~REF*6R*338738-3172~AMT*B6*99.97~CLP*554-3950*1*120*87.97*12*12*21242E0005968*02~NM1*QC*1*KAWAMOTO*RENEE****MI*R000080509243~NM1*IL*1*KAWAMOTO*RENEE****MI*R000080509243~NM1*74*1**KALEN*M~NM1*82*1*LINARES*DAVID****XX*1699008045~REF*CE*686~DTM*232*20210821~DTM*233*20210821~DTM*050*20210829~AMT*AU*99.97~SVC*HC:90834:95*120*87.97~CAS*PR*3*12~CAS*CO*45*20.03~REF*6R*773554-3950~AMT*B6*99.97~CLP*738-2320*1*120*87.97*12*12*21242E0005976*02~NM1*QC*1*LOPEZ*SHASTY****MI*R000084315951~NM1*82*1*WATERS*LORI*M***XX*1760854152~REF*CE*662~DTM*232*20210623~DTM*233*20210623~DTM*050*20210829~AMT*AU*99.97~SVC*HC:90834:95*120*87.97~CAS*PR*3*12~CAS*CO*45*20.03~REF*6R*599738-2320~AMT*B6*99.97~CLP*738-2930*1*120*87.97*12*12*21242E0006197*02~NM1*QC*1*LOPEZ*SHASTY****MI*R000084315951~NM1*82*1*WATERS*LORI*M***XX*1760854152~REF*CE*662~DTM*232*20210714~DTM*233*20210714~DTM*050*20210829~AMT*AU*99.97~SVC*HC:90834:95*120*87.97~CAS*PR*3*12~CAS*CO*45*20.03~REF*6R*392738-2930~AMT*B6*99.97~CLP*942-3800*19*120*84.97*15*12*21242E0006492*02~NM1*QC*1*SHOOK*KEOLAMAI****MI*R000083516575~NM1*74*1**KEOLAMAI IKAIKA*K~NM1*82*1*LINARES*DAVID****XX*1699008045~NM1*TT*2*HAWAII MEDICAL SERVICE ASSOCIATION*****NI*49948~REF*CE*724~DTM*232*20210814~DTM*233*20210814~DTM*050*20210829~AMT*AU*99.97~SVC*HC:90834:95*120*84.97~CAS*PR*3*15~CAS*CO*45*20.03~REF*6R*767942-3800~AMT*B6*99.97~CLP*890-3834*1*150*95.39*12*12*21242E0006706*02~NM1*QC*1*COPELAND*JESSE*L***MI*XLRR000080426760~NM1*IL*1*COPELAND*JESSE****MI*XLRR000080426760~NM1*74*1***L***C*R000080426760~NM1*82*1*WATERS*LORI*M***XX*1760854152~REF*CE*828~DTM*232*20210816~DTM*233*20210816~DTM*050*20210829~AMT*AU*107.39~SVC*HC:90837:95*150*95.39~CAS*PR*3*12~CAS*CO*45*42.61~REF*6R*268890-3834~AMT*B6*107.39~CLP*942-3948*19*120*84.97*15*12*21242E0006887*02~NM1*QC*1*SHOOK*KEOLAMAI****MI*R000083516575~NM1*74*1**KEOLAMAI IKAIKA*K~NM1*82*1*LINARES*DAVID****XX*1699008045~NM1*TT*2*HAWAII MEDICAL SERVICE ASSOCIATION*****NI*49948~REF*CE*724~DTM*232*20210821~DTM*233*20210821~DTM*050*20210829~AMT*AU*99.97~SVC*HC:90834:95*120*84.97~CAS*PR*3*15~CAS*CO*45*20.03~REF*6R*772942-3948~AMT*B6*99.97~CLP*726-3923*1*150*95.39*12*12*21242E0006959*11~NM1*QC*1*MARTIN*SANDRA*SANDI***MI*XLPR000080101728~NM1*74*1***L***C*R000080101728~NM1*82*1*PLAYTER*AILEEN*T***XX*1013394097~REF*CE*754~DTM*232*20210820~DTM*233*20210820~DTM*050*20210829~AMT*AU*107.39~SVC*HC:90837:95*150*95.39~CAS*PR*3*12~CAS*CO*45*42.61~REF*6R*688726-3923~AMT*B6*107.39~CLP*420-3659*1*150*95.39*12*12*21242E0006989*02~NM1*QC*1*NAVARRETTE*REYN****MI*XLPR000083457226~NM1*82*1*MATSUMOTO*NATALIA*A***XX*1427398312~REF*CE*751~DTM*232*20210807~DTM*233*20210807~DTM*050*20210829~AMT*AU*107.39~SVC*HC:90837:95*150*95.39~CAS*PR*3*12~CAS*CO*45*42.61~REF*6R*811532923L897491771~AMT*B6*107.39~CLP*398-3484*1*150*107.39**12*21242E0006992*02~NM1*QC*1*MARRIA*JULIE****MI*R000081560393~NM1*IL*1*CHRISTOPHER*CYNTHIA****MI*R000081560393~NM1*74*1***J~NM1*82*1*MATSUMOTO*NATALIA*A***XX*1427398312~REF*CE*819~DTM*232*20210801~DTM*233*20210801~DTM*050*20210829~AMT*AU*107.39~SVC*HC:90837:95*150*107.39~CAS*CO*45*42.61~REF*6R*811533183L897492355~AMT*B6*107.39~CLP*734-3177*1*120*87.97*12*12*21242E0007316*02~NM1*QC*1*RIFE*ROBYN****MI*R000083705426~NM1*IL*1*RIFE*ROBYN****MI*R000083705426~NM1*74*1**ROBERT~NM1*82*1*WATERS*LORI*M***XX*1760854152~REF*CE*766~DTM*232*20210722~DTM*233*20210722~DTM*050*20210829~AMT*AU*99.97~SVC*HC:90834:95*120*87.97~CAS*PR*3*12~CAS*CO*45*20.03~REF*6R*392734-3177~AMT*B6*99.97~CLP*710-3838*1*120*87.97*12*12*21242E0007450*02~NM1*QC*1*HANNA*ROXANNE****MI*XLFR000082277062~NM1*82*1*LINARES*DAVID****XX*1699008045~REF*CE*912~DTM*232*20210816~DTM*233*20210816~DTM*050*20210829~AMT*AU*99.97~SVC*HC:90834:95*120*87.97~CAS*PR*3*12~CAS*CO*45*20.03~REF*6R*274710-3838~AMT*B6*99.97~CLP*734-3563*1*120*87.97*12*12*21242E0007469*02~NM1*QC*1*RIFE*ROBYN****MI*R000083705426~NM1*IL*1*RIFE*ROBYN****MI*R000083705426~NM1*74*1**ROBERT~NM1*82*1*WATERS*LORI*M***XX*1760854152~REF*CE*766~DTM*232*20210727~DTM*233*20210727~DTM*050*20210829~AMT*AU*99.97~SVC*HC:90834:95*120*87.97~CAS*PR*3*12~CAS*CO*45*20.03~REF*6R*396734-3563~AMT*B6*99.97~CLP*726-3790*1*150*95.39*12*12*21242E0007476*02~NM1*QC*1*MARTIN*SANDRA*SANDI***MI*XLPR000080101728~NM1*74*1***L***C*R000080101728~NM1*82*1*PLAYTER*AILEEN*T***XX*1013394097~REF*CE*754~DTM*232*20210813~DTM*233*20210813~DTM*050*20210829~AMT*AU*107.39~SVC*HC:90837:95*150*95.39~CAS*PR*3*12~CAS*CO*45*42.61~REF*6R*333726-3790~AMT*B6*107.39~CLP*738-3276*1*120*87.97*12*12*21242E0007526*02~NM1*QC*1*LOPEZ*SHASTY****MI*R000084315951~NM1*82*1*WATERS*LORI*M***XX*1760854152~REF*CE*662~DTM*232*20210728~DTM*233*20210728~DTM*050*20210829~AMT*AU*99.97~SVC*HC:90834:95*120*87.97~CAS*PR*3*12~CAS*CO*45*20.03~REF*6R*213738-3276~AMT*B6*99.97~CLP*747-3561*1*120*87.97*12*12*21242E0007577*02~NM1*QC*1*KRIK*JONATHAN****MI*XLPR000080356330~NM1*IL*1*KRIK*AARON****MI*XLPR000080356330~NM1*74*1*STEITZ*MICHELLE*M***C*R000082708413~NM1*82*1*WATERS*LORI*M***XX*1760854152~REF*CE*828~DTM*232*20210728~DTM*233*20210728~DTM*050*20210829~AMT*AU*99.97~SVC*HC:90834:95*120*87.97~CAS*PR*3*12~CAS*CO*45*20.03~REF*6R*394747-3561~AMT*B6*99.97~CLP*734-2214*1*120*87.97*12*12*21242E0007838*02~NM1*QC*1*RIFE*ROBYN****MI*R000083705426~NM1*IL*1*RIFE*ROBYN****MI*R000083705426~NM1*74*1**ROBERT~NM1*82*1*WATERS*LORI*M***XX*1760854152~REF*CE*766~DTM*232*20210622~DTM*233*20210622~DTM*050*20210829~AMT*AU*99.97~SVC*HC:90834:95*120*87.97~CAS*PR*3*12~CAS*CO*45*20.03~REF*6R*385734-2214~AMT*B6*99.97~CLP*890-3552*1*120*87.97*12*12*21242E0007882*02~NM1*QC*1*COPELAND*MAYA****MI*XLRR000080426760~NM1*IL*1*COPELAND*JESSE****MI*XLRR000080426760~NM1*74*1***L***C*R000080426760~NM1*82*1*WATERS*LORI*M***XX*1760854152~REF*CE*828~DTM*232*20210802~DTM*233*20210802~DTM*050*20210829~AMT*AU*99.97~SVC*HC:90834:95*120*87.97~CAS*PR*3*12~CAS*CO*45*20.03~REF*6R*711890-3552~AMT*B6*99.97~CLP*890-3550*1*120*87.97*12*12*21242E0007907*02~NM1*QC*1*COPELAND*MAYA****MI*XLRR000080426760~NM1*IL*1*COPELAND*JESSE****MI*XLRR000080426760~NM1*74*1***L***C*R000080426760~NM1*82*1*WATERS*LORI*M***XX*1760854152~REF*CE*828~DTM*232*20210726~DTM*233*20210726~DTM*050*20210829~AMT*AU*99.97~SVC*HC:90834:95*120*87.97~CAS*PR*3*12~CAS*CO*45*20.03~REF*6R*151890-3550~AMT*B6*99.97~CLP*738-2077*1*120*87.97*12*12*21242E0008029*02~NM1*QC*1*LOPEZ*SHASTY****MI*R000084315951~NM1*82*1*WATERS*LORI*M***XX*1760854152~REF*CE*662~DTM*232*20210616~DTM*233*20210616~DTM*050*20210829~AMT*AU*99.97~SVC*HC:90834:95*120*87.97~CAS*PR*3*12~CAS*CO*45*20.03~REF*6R*208738-2077~AMT*B6*99.97~CLP*734-2439*1*120*87.97*12*12*21242E0008724*02~NM1*QC*1*RIFE*ROBYN****MI*R000083705426~NM1*IL*1*RIFE*ROBYN****MI*R000083705426~NM1*74*1**ROBERT~NM1*82*1*WATERS*LORI*M***XX*1760854152~REF*CE*766~DTM*232*20210629~DTM*233*20210629~DTM*050*20210829~AMT*AU*99.97~SVC*HC:90834:95*120*87.97~CAS*PR*3*12~CAS*CO*45*20.03~REF*6R*211734-2439~AMT*B6*99.97~CLP*398-3673*1*150*107.39**12*21243E0004595*02~NM1*QC*1*MARRIA*JULIE****MI*R000081560393~NM1*IL*1*CHRISTOPHER*CYNTHIA****MI*R000081560393~NM1*74*1***J~NM1*82*1*MATSUMOTO*NATALIA*A***XX*1427398312~REF*CE*819~DTM*232*20210808~DTM*233*20210808~DTM*050*20210830~AMT*AU*107.39~SVC*HC:90837:95*150*107.39~CAS*CO*45*42.61~REF*6R*615398-3673~AMT*B6*107.39~SE*454*0001~ST*835*0002~BPR*I*659.16*C*ACH*CCP*01*121301015*DA*01031503*1990040115**01*321370765*DA*81020-75433*20210907~TRN*1*1133754*1990040115~REF*F2*5.40~DTM*405*20210830~N1*PR*HAWAII MEDICAL SERVICE ASSOCIATION~N3*818 KEEAUMOKU ST~N4*HONOLULU*HI*96814~PER*BL*ETS*TE*8089486355~N1*PE*SERENITY COUNSELING SERVIC*XX*1588011043~REF*TJ*812344400~LX*1~CLP*753-3671*1*150*112.45**HM*21242E0005667*02~NM1*QC*1*DRAGNA*MIKELLA****MI*HFPF000026496935~NM1*IL*1*DRAGNA*MIKELLA****MI*HFPF000026496935~NM1*74*1**GINGER*L***C*F000026496935~NM1*82*1*MATSUMOTO*NATALIA*A***XX*1427398312~REF*CE*087~DTM*232*20210808~DTM*233*20210808~DTM*050*20210829~AMT*AU*112.45~SVC*HC:90837:95*150*112.45~CAS*CO*45*37.55~REF*6R*142753-3671~AMT*B6*112.45~CLP*922-3778*1*120*104.68**HM*21242E0005936*02~NM1*QC*1*GALIZA*ELVEN****MI*HFPF000307386391~NM1*74*1**ELDEN*E***C*F000307386391~NM1*82*1*LINARES*DAVID****XX*1699008045~REF*CE*087~DTM*232*20210813~DTM*233*20210813~DTM*050*20210829~AMT*AU*104.68~SVC*HC:90834:95*120*104.68~CAS*CO*45*15.32~REF*6R*384922-3778~AMT*B6*104.68~CLP*943-3842*1*150*112.45**HM*21242E0006175*02~NM1*QC*1*KRUSE*MARIA****MI*HFPF000030963524~NM1*IL*1*KRUSE*KEVIN*I***MI*HFPF000030963524~NM1*74*1******C*F000030963524~NM1*82*1*PLAYTER*AILEEN*T***XX*1013394097~REF*CE*087~DTM*232*20210816~DTM*233*20210816~DTM*050*20210829~AMT*AU*112.45~SVC*HC:90837:95*150*112.45~CAS*CO*45*37.55~REF*6R*334943-3842~AMT*B6*112.45~CLP*712-3989*1*120*104.68**HM*21242E0006181*02~NM1*QC*1*ZOLLINGER-ABEYTA*LYRIC****MI*HFPF000030120083~NM1*IL*1*ZOLLINGER*CHRISTOPHER****MI*HFPF000030120083~NM1*74*1*ZOLLINGER ABEYTA*CHRISTOPHE*J***C*F000030120083~NM1*82*1*FERREIRA*LORI*M***XX*1811143126~REF*CE*087~DTM*232*20210811~DTM*233*20210811~DTM*050*20210829~AMT*AU*104.68~SVC*HC:90834:95*120*104.68~CAS*CO*45*15.32~REF*6R*521712-3989~AMT*B6*104.68~CLP*943-4011*1*150*112.45**HM*21242E0006189*02~NM1*QC*1*KRUSE*MARIA****MI*HFPF000030963524~NM1*IL*1*KRUSE*KEVIN*I***MI*HFPF000030963524~NM1*74*1******C*F000030963524~NM1*82*1*PLAYTER*AILEEN*T***XX*1013394097~REF*CE*087~DTM*232*20210823~DTM*233*20210823~DTM*050*20210829~AMT*AU*112.45~SVC*HC:90837:95*150*112.45~CAS*CO*45*37.55~REF*6R*596943-4011~AMT*B6*112.45~CLP*753-3480*1*150*112.45**HM*21242E0006681*02~NM1*QC*1*DRAGNA*MIKELLA****MI*HFPF000026496935~NM1*IL*1*DRAGNA*MIKELLA****MI*HFPF000026496935~NM1*74*1**GINGER*L***C*F000026496935~NM1*82*1*MATSUMOTO*NATALIA*A***XX*1427398312~REF*CE*087~DTM*232*20210801~DTM*233*20210801~DTM*050*20210829~AMT*AU*112.45~SVC*HC:90837:95*150*112.45~CAS*CO*45*37.55~REF*6R*137753-3480~AMT*B6*112.45~SE*96*0002~GE*2*868982076~IEA*1*868982076~