ISA*00*          *00*          *ZZ*330897513      *ZZ*MEDBOSSC       *211120*0846*^*00501*894578773*0*P*:~GS*HP*330897513*MEDBOSSC*20211120*0846*894578773*X*005010X221A1~ST*835*0001~BPR*I*220.19*C*ACH*CCP*01*031202770*DA*8026501176*1841160004*000000000*01*321370765*DA*8102075433*20211123~TRN*1*5491899322VT2*1860813402*000000000~REF*EV*7GW1459CA3~REF*F2*1588011043    R35011118003054~DTM*405*20211118~N1*PR*TRIWEST HEALTHCARE ALLIANCE~N3*PO BOX 42270~N4*PHOENIX*AZ*850802270~PER*CX**TE*8772268749~PER*BL*VA CCN PROVIDER SERVICES*TE*8002590264~PER*IC**UR*WWW.TRIWEST.COM~N1*PE*DAVID LINARES*XX*1588011043~N3*APT 3U*94-1261 LUMIKULA ST~N4*WAIPAHU*HI*96797~REF*TJ*812344400~LX*1~CLP*380-6582*1*120*0**VA*H321X0ZXL0000*11*1~NM1*QC*1*HOY*JASON****MI*1014349522V275214~DTM*050*20211117~SVC*HC:90834:95*120*0~DTM*472*20211115~CAS*CO*288*120~REF*6R*323380-6582~LQ*HE*N489~LX*2~CLP*2043-6594*1*120*79.51**VA*H321X0ZXM0000*11*1~NM1*QC*1*ESPINOZA*JOSHUA*S***MI*1034453215V114406~DTM*050*20211117~AMT*AU*79.51~SVC*HC:90834:95*120*79.51~DTM*472*20211115~CAS*CO*45*40.49~REF*6R*3242043-6594~AMT*B6*79.51~LX*3~CLP*666-6598*1*120*70.34**VA*H321X0ZXN0000*02*1~NM1*QC*1*VEGA*IVAN*L***MI*1015907203V018964~DTM*050*20211117~AMT*AU*70.34~SVC*HC:90834*120*70.34~DTM*472*20211115~CAS*CO*45*49.66~REF*6R*325666-6598~AMT*B6*70.34~LX*4~CLP*816-6340*1*120*70.34**VA*H321X15040000*02*1~NM1*QC*1*PEDERSON*JANET****MI*1018315345V659698~DTM*050*20211117~AMT*AU*70.34~SVC*HC:90834:95*120*70.34~DTM*472*20210617~CAS*CO*45*49.66~REF*6R*820660369L921242510~AMT*B6*70.34~SE*56*0001~GE*1*894578773~IEA*1*894578773~