ISA*00*          *00*          *ZZ*330897513      *ZZ*MEDBOSSC       *211105*1209*^*00501*889200339*0*P*:~GS*HP*330897513*MEDBOSSC*20211105*1209*889200339*X*005010X221A1~ST*835*0001~BPR*I*255*C*ACH*CCP*01*051404260*DA*252781161*1541414194**01*321370765*DA*8102075433*20211108~TRN*1*0000540850*1541414194~N1*PR*BEACON HEALTH OPTIONS, INC.~N3*ATTN FINANCE DEPT~N4*NORFOLK*VA*23502~REF*2U*FDX~PER*BL*VALUEOPTIONS EDI HELPDESK*TE*8882479311*EM*ESUPPORTSERVICES@VALUEOPTIONS.COM~N1*PE*SERENITY COUNSELING SERVICES H*XX*1699008045~N3*10641 WINDSMONT CT~N4*LEHIGH ACRES*FL*339367268~REF*TJ*812344400~LX*1~CLP*0*1*60*85**13*06   103021 04065 00191*11~NM1*QC*1*ALLEN*LOOMIS*A***MI*1150360~NM1*IL*1*ALLEN*LOOMIS*A***MI*1150360~NM1*82*2*LINARES, DAVID*****XX*1699008045~REF*1W*1150360~REF*1J*E824169~SVC*HC:AEA:60*60*85~DTM*472*20211030~REF*6R*001~AMT*B6*85~CLP*0*1*60*85**13*06   103021 04065 00236*11~NM1*QC*1*MELTZER*MATTHEW*E***MI*527793~NM1*IL*1*MELTZER*MATTHEW*E***MI*527793~NM1*82*2*LINARES, DAVID*****XX*1699008045~REF*1W*527793~REF*1J*E824169~SVC*HC:AEA:60*60*85~DTM*472*20211030~REF*6R*001~AMT*B6*85~CLP*0*1*60*85**13*06   103021 04065 00197*11~NM1*QC*1*WELLER*JEFFREY*W***MI*1143611~NM1*IL*1*WELLER*JEFFREY*W***MI*1143611~NM1*82*2*LINARES, DAVID*****XX*1699008045~REF*1W*1143611~REF*1J*E824169~SVC*HC:AEA:60*60*85~DTM*472*20211030~REF*6R*001~AMT*B6*85~SE*44*0001~ST*835*0002~BPR*I*340*C*ACH*CCP*01*051404260*DA*252781161*1541414194**01*321370765*DA*8102075433*20211108~TRN*1*0000539929*1541414194~N1*PR*BEACON HEALTH OPTIONS, INC.~N3*ATTN FINANCE DEPT~N4*NORFOLK*VA*23502~REF*2U*FDX~PER*BL*VALUEOPTIONS EDI HELPDESK*TE*8882479311*EM*ESUPPORTSERVICES@VALUEOPTIONS.COM~N1*PE*SERENITY COUNSELING SERVICES H*XX*1699008045~N3*10641 WINDSMONT CT~N4*LEHIGH ACRES*FL*339367268~REF*TJ*812344400~LX*1~CLP*0*1*60*85**13*06   103021 04065 00207*11~NM1*QC*1*CHAN*MONICA*M***MI*833265~NM1*IL*1*CHAN*MONICA*M***MI*833265~NM1*82*2*LINARES, DAVID*****XX*1699008045~REF*1W*833265~REF*1J*E824169~SVC*HC:AEA:60*60*85~DTM*472*20211030~REF*6R*001~AMT*B6*85~CLP*0*1*60*85**13*06   110121 04065 00388*11~NM1*QC*1*LINGLEY*JEREMIAH*E***MI*368612~NM1*IL*1*LINGLEY*JEREMIAH*E***MI*368612~NM1*82*2*LINARES, DAVID*****XX*1699008045~REF*1W*368612~REF*1J*E824169~SVC*HC:AEA:60*60*85~DTM*472*20211101~REF*6R*001~AMT*B6*85~CLP*0*1*60*85**13*06   103021 04065 00228*11~NM1*QC*1*MYLES*BRENT*D***MI*1142707~NM1*IL*1*MYLES*BRENT*D***MI*1142707~NM1*82*2*LINARES, DAVID*****XX*1699008045~REF*1W*1142707~REF*1J*E824169~SVC*HC:AEA:60*60*85~DTM*472*20211030~REF*6R*001~AMT*B6*85~CLP*0*1*60*85**13*06   102921 04065 00428*11~NM1*QC*1*ORAVETZ*LOGAN*S***MI*1149764~NM1*IL*1*ORAVETZ*LOGAN*S***MI*1149764~NM1*82*2*LINARES, DAVID*****XX*1699008045~REF*1W*1149764~REF*1J*E824169~SVC*HC:AEA:60*60*85~DTM*472*20211029~REF*6R*001~AMT*B6*85~SE*54*0002~ST*835*0003~BPR*I*255*C*ACH*CCP*01*051404260*DA*252781161*1541414194**01*321370765*DA*8102075433*20211108~TRN*1*0000540400*1541414194~N1*PR*BEACON HEALTH OPTIONS, INC.~N3*ATTN FINANCE DEPT~N4*NORFOLK*VA*23502~REF*2U*FDX~PER*BL*VALUEOPTIONS EDI HELPDESK*TE*8882479311*EM*ESUPPORTSERVICES@VALUEOPTIONS.COM~N1*PE*SERENITY COUNSELING SERVICES H*XX*1699008045~N3*10641 WINDSMONT CT~N4*LEHIGH ACRES*FL*339367268~REF*TJ*812344400~LX*1~CLP*0*1*60*85**13*06   103021 04065 00253*11~NM1*QC*1*KEENAN*ANNA*M***MI*1140803~NM1*IL*1*KEENAN*ANNA*M***MI*1140803~NM1*82*2*LINARES, DAVID*****XX*1699008045~REF*1W*1140803~REF*1J*E824169~SVC*HC:AEA:60*60*85~DTM*472*20211030~REF*6R*001~AMT*B6*85~CLP*0*1*60*85**13*06   103121 04065 00003*11~NM1*QC*1*KINEARD*BRIAN*A***MI*1155949~NM1*IL*1*KINEARD*BRIAN*A***MI*1155949~NM1*82*2*LINARES, DAVID*****XX*1699008045~REF*1W*1155949~REF*1J*E824169~SVC*HC:AEA:60*60*85~DTM*472*20211030~REF*6R*001~AMT*B6*85~CLP*0*1*60*85**13*06   103021 04065 00001*11~NM1*QC*1*TARKINGTON*BRIEN****MI*1157686~NM1*IL*1*TARKINGTON*BRIEN****MI*1157686~NM1*82*2*LINARES, DAVID*****XX*1699008045~REF*1W*1157686~REF*1J*E824169~SVC*HC:AEA:60*60*85~DTM*472*20211029~REF*6R*001~AMT*B6*85~SE*44*0003~GE*3*889200339~IEA*1*889200339~