ISA*00*          *00*          *ZZ*330897513      *ZZ*MEDBOSSC       *211007*0913*^*00501*879141847*0*P*:~GS*HP*330897513*MEDBOSSC*20211007*0913*879141847*X*005010X221A1~ST*835*0001~BPR*I*159.28*C*ACH*CCP*01*031202770*DA*8026501176*1841160004*000000000*01*321370765*DA*8102075433*20211008~TRN*1*5413392278VT2*1860813402*000000000~REF*EV*7GW1459CA3~REF*F2*1588011043    R35011005002293~DTM*405*20211005~N1*PR*TRIWEST HEALTHCARE ALLIANCE~N3*PO BOX 42270~N4*PHOENIX*AZ*850802270~PER*CX**TE*8772268749~PER*BL*VA CCN PROVIDER SERVICES*TE*8002590264~PER*IC**UR*WWW.TRIWEST.COM~N1*PE*DAVID LINARES*XX*1588011043~N3*APT 3U*94-1261 LUMIKULA ST~N4*WAIPAHU*HI*96797~REF*TJ*812344400~LX*1~CLP*661-2423*1*120*79.64**VA*H277X0F580000*11*1~NM1*QC*1*ACOSTA*FRANCISCO****MI*1019439390V597194~DTM*050*20211004~AMT*AU*79.64~SVC*HC:90834:95*120*79.64~DTM*472*20210513~CAS*CO*45*40.36~REF*6R*138661-2423~AMT*B6*79.64~LX*2~CLP*661-2425*1*120*79.64**VA*H277X0F590000*11*1~NM1*QC*1*ACOSTA*FRANCISCO****MI*1019439390V597194~DTM*050*20211004~AMT*AU*79.64~SVC*HC:90834:95*120*79.64~DTM*472*20210520~CAS*CO*45*40.36~REF*6R*139661-2425~AMT*B6*79.64~SE*37*0001~ST*835*0002~BPR*I*256.77*C*ACH*CTX*01*121301028*DA*0085442686*UNIVHEALTH**01*321370765*DA*8102075433*20211004~TRN*1*3281915*1990263440~REF*F2*5.40~N1*PR*UNIVERSITY HEALTH ALLIANCE~N3*700 BISHOP STREET SUITE 300~N4*HONOLULU*HI*96813~PER*CX*HOWARD LEE*TE*8085324000~PER*BL*HOWARD LEE*TE*8085324000~N1*PE*SERENITY COUNSELING SERVICES HAWAII, LLC*XX*1588011043~N3*94-1261 LUMIKULA ST, # 3U~N4*WAIPAHU*HI*96797~REF*TJ*812344400~REF*PQ*812344400~LX*1~CLP*950-4883*1*120*92.27**16*2126631185*02~NM1*QC*1*BRISENO*TRICIA-JEAN****MI*808603005-01~NM1*82*1*MATSUMOTO*NATALIA****XX*1427398312~DTM*232*20210829~DTM*233*20210829~DTM*050*20210923~AMT*AU*92.27~SVC*HC:90847:95*120*92.27~CAS*CO*45*27.73~REF*6R*273950-4883~AMT*B6*92.27~CLP*1948-4797*1*120*82.25**16*2126631228*02~NM1*QC*1*TAUTUIAKI*LACHONEUSS****MI*801012720-01~NM1*82*1*LINARES*DAVID****XX*1699008045~DTM*232*20210917~DTM*233*20210917~DTM*050*20210923~AMT*AU*82.25~SVC*HC:90834:95*120*82.25**2~CAS*CO*45*37.75~REF*6R*0371948-4797~AMT*B6*82.25~CLP*1948-5055*1*120*82.25**16*2127330970*02~NM1*QC*1*TAUTUIAKI*LACHONEUSS****MI*801012720-01~NM1*82*1*LINARES*DAVID****XX*1699008045~DTM*232*20210924~DTM*233*20210924~DTM*050*20210930~AMT*AU*82.25~SVC*HC:90834:95*120*82.25**2~CAS*CO*45*37.75~REF*6R*5171948-5055~AMT*B6*82.25~SE*49*0002~GE*2*879141847~IEA*1*879141847~