ISA*00*          *00*          *ZZ*330897513      *ZZ*MEDBOSSC       *210923*0706*^*00501*874330876*0*P*:~GS*HP*330897513*MEDBOSSC*20210923*0706*874330876*X*005010X221A1~ST*835*0001~BPR*I*834.28*C*ACH*CCP*01*043301627*DA*1077670664*1571132733*000000000*01*321370765*DA*8102075433*20210924~TRN*1*5711685264TR1*1571132733*000000000~REF*EV*7GW0013CA3~REF*F2*1588011043    R88010921008295~DTM*405*20210921~N1*PR*PGBA,LLC~N3*TRICARE WEST REGION CLAIMS*P.O. BOX 202112~N4*FLORENCE*SC*295022112~PER*CX*TRICARE WEST REGION CLAIMS CORRESPONDENCE*TE*8448669378~PER*BL*TRICARE ELECTRONIC CLAIMS SERVICE CENTER*TE*8003255920~N1*PE*SERENITY COUNSELING SERVICES*XX*1588011043~N3*201*99-149 MOANALUA RD~N4*AIEA*HI*96701~REF*TJ*812344400~LX*1~CLP*724-4128*1*150*51.98*51.98*CH*H260X53FW0000*02*1~NM1*QC*1*MARSI*KATE*D***HN*724-4128~NM1*IL*1*MARSI*RYAN*E***MI*624489057~NM1*82*1*PLAYTER*AILEEN*T***XX*1013394097~REF*1H*575843780~DTM*050*20210917~AMT*AU*103.96~SVC*HC:90837:95*150*51.98~DTM*472*20210826~CAS*CO*242*46.04~CAS*PR*2*51.98~REF*6R*527724-4128~AMT*B6*103.96~LQ*HE*N212~LX*2~CLP*881-3758*1*150*5.14*98.82*CH*H263X0JC30000*02*1~NM1*QC*1*MATERIALE*KATELYN*N***HN*881-3758~NM1*IL*1*MATERIALE*GERARD*A***MI*219478387~NM1*82*1*PLAYTER*AILEEN*T***XX*1013394097~REF*1H*575843780~DTM*050*20210920~AMT*AU*103.96~SVC*HC:90837:95*150*5.14~DTM*472*20210812~CAS*CO*242*46.04~CAS*PR*1*93.69**2*5.13~REF*6R*372881-3758~AMT*B6*103.96~LQ*HE*N212~LX*3~CLP*2070-4737*1*150*0*102.35*CH*H263X0K8S0000*02*1~NM1*QC*1*MORRIS*JESSICA*D***HN*2070-4737~NM1*IL*1*MORRIS*LUKE*R***MI*623709077~NM1*82*1*PLAYTER*AILEEN*T***XX*1013394097~REF*1H*575843780~DTM*050*20210920~AMT*AU*102.35~SVC*HC:90837:95*150*0~DTM*472*20210916~CAS*CO*242*47.65~CAS*PR*1*102.35~REF*6R*0832070-4737~AMT*B6*102.35~LQ*HE*N212~LX*4~CLP*724-4763*1*120*34.59*34.59*CH*H263X0K8V0000*02*1~NM1*QC*1*MARSI*KATE*D***HN*724-4763~NM1*IL*1*MARSI*RYAN*E***MI*624489057~NM1*82*1*PLAYTER*AILEEN*T***XX*1013394097~REF*1H*575843780~DTM*050*20210920~AMT*AU*69.18~SVC*HC:90834:95*120*34.59~DTM*472*20210917~CAS*CO*242*50.82~CAS*PR*2*34.59~REF*6R*085724-4763~AMT*B6*69.18~LQ*HE*N212~LX*5~CLP*736-4135*1*150*0*103.96*CH*H263X3PRY0000*02*1~NM1*QC*1*COUTURE*CECILY*E***HN*736-4135~NM1*IL*1*SCOTT*BRENDEN*C***MI*536175447~NM1*82*1*PLAYTER*AILEEN*T***XX*1013394097~REF*1H*575843780~DTM*050*20210920~AMT*AU*103.96~SVC*HC:90837:95*150*0~DTM*472*20210826~CAS*CO*242*46.04~CAS*PR*1*103.96~REF*6R*643736-4135~AMT*B6*103.96~LQ*HE*N212~LX*6~CLP*706-4200*1*120*63.18*15.8*CH*H263X3PSV0000*11*1~NM1*QC*1*GOSWICK*GINA*M***HN*706-4200~NM1*IL*1*GOSWICK*ADAM*J***MI*226576761~NM1*82*1*PLAYTER*AILEEN*T***XX*1013394097~REF*1H*575843780~DTM*050*20210920~AMT*AU*78.98~SVC*HC:90847:95*120*63.18~DTM*472*20210827~CAS*CO*45*41.02~CAS*PR*2*15.8~REF*6R*204706-4200~AMT*B6*78.98~LX*7~CLP*626-4303*1*120*35.17*35.17*CH*H263X3PSY0000*02*1~NM1*QC*1*SWINT*CRYSTAL*I***HN*626-4303~NM1*IL*1*SWINT*ALEXANDER*D***MI*245713148~DTM*050*20210920~AMT*AU*70.34~SVC*HC:90834:95*120*35.17~DTM*472*20210830~CAS*CO*242*49.66~CAS*PR*2*35.17~REF*6R*213626-4303~AMT*B6*70.34~LQ*HE*N212~LX*8~CLP*575-4277*1*120*0*70.34*CH*H263X3PSZ0000*02*1~NM1*QC*1*TEASLEY*SHAWN*D***HN*575-4277~NM1*IL*1*TEASLEY*SHAWN*D***MI*168569361~DTM*050*20210920~AMT*AU*70.34~SVC*HC:90834:95*120*0~DTM*472*20210830~CAS*CO*242*49.66~CAS*PR*1*70.34~REF*6R*211575-4277~AMT*B6*70.34~LQ*HE*N212~LX*9~CLP*556-4156*1*120*0*120*CH*H263X3PS40000*02*1~NM1*QC*1*ATKINS*SOHPIE****HN*556-4156~NM1*IL*1*ATKINS*SOHPIE****MI*01282254802~DTM*050*20210920~SVC*HC:90834:95*120*0~DTM*472*20210827~CAS*PR*16*120~REF*6R*870556-4156~LQ*HE*N382~LX*10~CLP*873-3753*1*150*51.18*51.17*CH*H263X3PVF0000*02*1~NM1*QC*1*STEPHENSON*MARIAH*R***HN*873-3753~NM1*IL*1*STEPHENSON*NATHAN*R***MI*305902921~NM1*82*1*PLAYTER*AILEEN*T***XX*1013394097~REF*1H*575843780~DTM*050*20210920~AMT*AU*102.35~SVC*HC:90837:95*150*51.18~DTM*472*20210810~CAS*CO*242*47.65~CAS*PR*2*51.17~REF*6R*178873-3753~AMT*B6*102.35~LQ*HE*N212~LX*11~CLP*1943-3754*1*150*20.18*82.17*CH*H263X3PVG0000*02*1~NM1*QC*1*STEPHENSON*CRYSTAL*A***HN*1943-3754~NM1*IL*1*STEPHENSON*NATHAN*R***MI*305902921~NM1*82*1*PLAYTER*AILEEN*T***XX*1013394097~REF*1H*575843780~DTM*050*20210920~AMT*AU*102.35~SVC*HC:90837:95*150*20.18~DTM*472*20210810~CAS*CO*242*47.65~CAS*PR*1*62**2*20.17~REF*6R*1791943-3754~AMT*B6*102.35~LQ*HE*N212~LX*12~CLP*873-4347*1*150*58.8*58.8*CH*H263X3PVH0000*11*1~NM1*QC*1*STEPHENSON*MARIAH*R***HN*873-4347~NM1*IL*1*STEPHENSON*NATHAN*R***MI*305902921~NM1*82*1*PLAYTER*AILEEN*T***XX*1013394097~REF*1H*575843780~DTM*050*20210920~AMT*AU*117.6~SVC*HC:90837:95*150*58.8~DTM*472*20210817~CAS*CO*242*32.4~CAS*PR*2*58.8~REF*6R*181873-4347~AMT*B6*117.6~LQ*HE*N212~LX*13~CLP*1943-4350*1*150*58.8*58.8*CH*H263X3PVJ0000*11*1~NM1*QC*1*STEPHENSON*CRYSTAL*A***HN*1943-4350~NM1*IL*1*STEPHENSON*NATHAN*R***MI*305902921~NM1*82*1*PLAYTER*AILEEN*T***XX*1013394097~REF*1H*575843780~DTM*050*20210920~AMT*AU*117.6~SVC*HC:90837:95*150*58.8~DTM*472*20210817~CAS*CO*242*32.4~CAS*PR*2*58.8~REF*6R*1821943-4350~AMT*B6*117.6~LQ*HE*N212~LX*14~CLP*736-4366*1*120*0*69.18*CH*H263X3PVQ0000*02*1~NM1*QC*1*COUTURE*CECILY*E***HN*736-4366~NM1*IL*1*SCOTT*BRENDEN*C***MI*536175447~NM1*82*1*PLAYTER*AILEEN*T***XX*1013394097~REF*1H*575843780~DTM*050*20210920~AMT*AU*69.18~SVC*HC:90834:95*120*0~DTM*472*20210902~CAS*CO*242*50.82~CAS*PR*1*69.18~REF*6R*558736-4366~AMT*B6*69.18~LQ*HE*N212~LX*15~CLP*400-4451*1*120*0*69.18*CH*H263X3PVX0000*02*1~NM1*QC*1*ALEXANDER*SANDRA*A***HN*400-4451~NM1*IL*1*ALEXANDER*TITO*L***MI*463937671~DTM*050*20210920~AMT*AU*69.18~SVC*HC:90834:95*120*0~DTM*472*20210906~CAS*CO*242*50.82~CAS*PR*1*69.18~REF*6R*002400-4451~AMT*B6*69.18~LQ*HE*N212~LX*16~CLP*2070-4531*1*180*0*118.93*CH*H263X3PXB0000*02*1~NM1*QC*1*MORRIS*JESSICA*D***HN*2070-4531~NM1*IL*1*MORRIS*LUKE*R***MI*623709077~NM1*82*1*PLAYTER*AILEEN*T***XX*1013394097~REF*1H*575843780~DTM*050*20210920~AMT*AU*118.93~SVC*HC:90791:95*180*0~DTM*472*20210909~CAS*CO*242*61.07~CAS*PR*1*118.93~REF*6R*5872070-4531~AMT*B6*118.93~LQ*HE*N212~LX*17~CLP*873-4705*1*150*58.8*58.8*CH*H263X3PXC0000*11*1~NM1*QC*1*STEPHENSON*MARIAH*R***HN*873-4705~NM1*IL*1*STEPHENSON*NATHAN*R***MI*305902921~NM1*82*1*PLAYTER*AILEEN*T***XX*1013394097~REF*1H*575843780~DTM*050*20210920~AMT*AU*117.6~SVC*HC:90837:95*150*58.8~DTM*472*20210914~CAS*CO*242*32.4~CAS*PR*2*58.8~REF*6R*370873-4705~AMT*B6*117.6~LQ*HE*N212~LX*18~CLP*1943-4707*1*150*0*117.6*CH*H263X3PXD0000*11*1~NM1*QC*1*STEPHENSON*CRYSTAL*A***HN*1943-4707~NM1*IL*1*STEPHENSON*NATHAN*R***MI*305902921~NM1*82*1*PLAYTER*AILEEN*T***XX*1013394097~REF*1H*575843780~DTM*050*20210920~AMT*AU*117.6~SVC*HC:90837:95*150*0~DTM*472*20210914~CAS*CO*242*32.4~CAS*PR*1*117.6~REF*6R*3731943-4707~AMT*B6*117.6~LQ*HE*N212~LX*19~CLP*626-4670*1*120*29.83*39.35*CH*H263X3PXF0000*02*1~NM1*QC*1*SWINT*CRYSTAL*I***HN*626-4670~NM1*IL*1*SWINT*ALEXANDER*D***MI*245713148~DTM*050*20210920~AMT*AU*69.18~SVC*HC:90834:95*120*29.83~DTM*472*20210913~CAS*CO*242*50.82~CAS*PR*1*9.52**2*29.83~REF*6R*798626-4670~AMT*B6*69.18~LQ*HE*N212~LX*20~CLP*2068-4674*1*220*0**CH*H263X3PXG0000*02*1~NM1*QC*1*QUICHOCHO*KAYLA*J***HN*2068-4674~NM1*IL*1*QUICHOCHO*SHAWN*M***MI*586026294~DTM*050*20210920~SVC*HC:90792:95*220*0~DTM*472*20210913~CAS*CO*22*220~REF*6R*8032068-4674~LQ*HE*N245~LX*21~CLP*706-4650*1*120*62.03*15.51*CH*H263X3PX50000*02*1~NM1*QC*1*GOSWICK*GINA*M***HN*706-4650~NM1*IL*1*GOSWICK*ADAM*J***MI*226576761~NM1*82*1*PLAYTER*AILEEN*T***XX*1013394097~REF*1H*575843780~DTM*050*20210920~AMT*AU*77.54~SVC*HC:90847:95*120*62.03~DTM*472*20210903~CAS*CO*45*42.46~CAS*PR*2*15.51~REF*6R*160706-4650~AMT*B6*77.54~LX*22~CLP*706-4652*1*150*81.88*20.47*CH*H263X3PX60000*02*1~NM1*QC*1*GOSWICK*GINA*M***HN*706-4652~NM1*IL*1*GOSWICK*ADAM*J***MI*226576761~NM1*82*1*PLAYTER*AILEEN*T***XX*1013394097~REF*1H*575843780~DTM*050*20210920~AMT*AU*102.35~SVC*HC:90837:95*150*81.88~DTM*472*20210910~CAS*CO*45*47.65~CAS*PR*2*20.47~REF*6R*162706-4652~AMT*B6*102.35~LX*23~CLP*575-4654*1*120*0*69.18*CH*H263X3PX70000*02*1~NM1*QC*1*TEASLEY*SHAWN*D***HN*575-4654~NM1*IL*1*TEASLEY*SHAWN*D***MI*168569361~DTM*050*20210920~AMT*AU*69.18~SVC*HC:90834:95*120*0~DTM*472*20210913~CAS*CO*242*50.82~CAS*PR*1*69.18~REF*6R*721575-4654~AMT*B6*69.18~LQ*HE*N212~LX*24~CLP*724-4585*1*150*51.18*51.17*CH*H263X3PX80000*02*1~NM1*QC*1*MARSI*KATE*D***HN*724-4585~NM1*IL*1*MARSI*RYAN*E***MI*624489057~NM1*82*1*PLAYTER*AILEEN*T***XX*1013394097~REF*1H*575843780~DTM*050*20210920~AMT*AU*102.35~SVC*HC:90837:95*150*51.18~DTM*472*20210903~CAS*CO*242*47.65~CAS*PR*2*51.17~REF*6R*047724-4585~AMT*B6*102.35~LQ*HE*N212~LX*25~CLP*724-4587*1*150*51.18*51.17*CH*H263X3PX90000*02*1~NM1*QC*1*MARSI*KATE*D***HN*724-4587~NM1*IL*1*MARSI*RYAN*E***MI*624489057~NM1*82*1*PLAYTER*AILEEN*T***XX*1013394097~REF*1H*575843780~DTM*050*20210920~AMT*AU*102.35~SVC*HC:90837:95*150*51.18~DTM*472*20210910~CAS*CO*242*47.65~CAS*PR*2*51.17~REF*6R*050724-4587~AMT*B6*102.35~LQ*HE*N212~LX*26~CLP*881-4529*1*120*34.59*34.59*CH*H263X3QTC0000*02*1~NM1*QC*1*MATERIALE*KATELYN*N***HN*881-4529~NM1*IL*1*MATERIALE*GERARD*A***MI*219478387~NM1*82*1*PLAYTER*AILEEN*T***XX*1013394097~REF*1H*575843780~DTM*050*20210920~AMT*AU*69.18~SVC*HC:90834:95*120*34.59~DTM*472*20210909~CAS*CO*242*50.82~CAS*PR*2*34.59~REF*6R*626881-4529~AMT*B6*69.18~LQ*HE*N212~LX*27~CLP*881-4625*1*120*34.59*34.59*CH*H263X3QTD0000*02*1~NM1*QC*1*MATERIALE*KATELYN*N***HN*881-4625~NM1*IL*1*MATERIALE*GERARD*A***MI*219478387~DTM*050*20210920~AMT*AU*69.18~SVC*HC:90834:95*120*34.59~DTM*472*20210911~CAS*CO*242*50.82~CAS*PR*2*34.59~REF*6R*633881-4625~AMT*B6*69.18~LQ*HE*N212~LX*28~CLP*873-4497*1*150*51.18*51.17*CH*H263X3Q2Q0000*02*1~NM1*QC*1*STEPHENSON*MARIAH*R***HN*873-4497~NM1*IL*1*STEPHENSON*NATHAN*R***MI*305902921~NM1*82*1*PLAYTER*AILEEN*T***XX*1013394097~REF*1H*575843780~DTM*050*20210920~AMT*AU*102.35~SVC*HC:90837:95*150*51.18~DTM*472*20210907~CAS*CO*242*47.65~CAS*PR*2*51.17~REF*6R*132873-4497~AMT*B6*102.35~LQ*HE*N212~LX*29~CLP*605-4728*1*120*0**CH*H263X3Q2R0000*02*1~NM1*QC*1*MCGILL*LISA****HN*605-4728~NM1*IL*1*MCGILL*LISA****MI*01512871801~NM1*82*1*QUAY*MICHAEL****XX*1669002457~REF*1H*256945192~DTM*050*20210920~SVC*HC:90847:95*120*0~DTM*472*20210404~CAS*CO*16*120~REF*6R*081605-4728~LQ*HE*N382~LX*30~CLP*605-4734*1*180*0**CH*H263X3Q2S0000*02*1~NM1*QC*1*MCGILL*LISA****HN*605-4734~NM1*IL*1*MCGILL*LISA****MI*01512871801~NM1*82*1*QUAY*MICHAEL****XX*1669002457~REF*1H*256945192~DTM*050*20210920~SVC*HC:90791:95*180*0~DTM*472*20210314~CAS*CO*16*180~REF*6R*082605-4734~LQ*HE*N382~LX*31~CLP*605-4730*1*150*0**CH*H263X3Q2T0000*02*1~NM1*QC*1*MCGILL*LISA****HN*605-4730~NM1*IL*1*MCGILL*LISA****MI*01512871801~NM1*82*1*WATERS*LORI*M***XX*1760854152~REF*1H*524943302~DTM*050*20210920~SVC*HC:90837:95*150*0~DTM*472*20210325~CAS*CO*16*150~REF*6R*083605-4730~LQ*HE*N382~LX*32~CLP*605-4731*1*120*0**CH*H263X3Q2V0000*02*1~NM1*QC*1*MCGILL*LISA****HN*605-4731~NM1*IL*1*MCGILL*LISA****MI*01512871801~NM1*82*1*WATERS*LORI*M***XX*1760854152~REF*1H*524943302~DTM*050*20210920~SVC*HC:90847:95*120*0~DTM*472*20210321~CAS*CO*16*120~REF*6R*084605-4731~LQ*HE*N382~LX*33~CLP*605-4733*1*150*0**CH*H263X3Q2W0000*02*1~NM1*QC*1*MCGILL*LISA****HN*605-4733~NM1*IL*1*MCGILL*LISA****MI*01512871801~NM1*82*1*WATERS*LORI*M***XX*1760854152~REF*1H*524943302~DTM*050*20210920~SVC*HC:90837:95*150*0~DTM*472*20210318~CAS*CO*16*150~REF*6R*085605-4733~LQ*HE*N382~LX*34~CLP*736-4729*1*150*0*102.35*CH*H263X3Q390000*02*1~NM1*QC*1*COUTURE*CECILY*E***HN*736-4729~NM1*IL*1*SCOTT*BRENDEN*C***MI*536175447~NM1*82*1*PLAYTER*AILEEN*T***XX*1013394097~REF*1H*575843780~DTM*050*20210920~AMT*AU*102.35~SVC*HC:90837:95*150*0~DTM*472*20210916~CAS*CO*242*47.65~CAS*PR*1*102.35~REF*6R*557736-4729~AMT*B6*102.35~LQ*HE*N212~SE*486*0001~GE*1*874330876~IEA*1*874330876~