ISA*00*          *00*          *30*593259342      *30*812344400      *210526*0655*{*00501*013217650*0*P*:~GS*HP*990309519*812344400*20210526*0655*1*X*005010X221A1~ST*835*876828329~BPR*I*162*C*ACH*CCP*01*121301028*DA*0006883451*1990309519**01*321370765*DA*8102075433*20210526~TRN*1*30225935*1990309519~DTM*405*20210524~N1*PR*AlohaCare~N3*1357 Kapiolani Blvd*Suite 1250~N4*Honolulu*HI*96814~REF*2U*Medicaid752777124~PER*BL*AlohaCare EDI*TE*8089731650*EM*EDI@alohacare.org~N1*PE*SERENITY COUNSELING SERVICES HAWAII*XX*1588011043~N3*99-149 MOANALUA RD RM 201~N4*AIEA*HI*96701~REF*TJ*812344400~LX*1~CLP*928447552*1*150*54**MC*2110492180*11*1~NM1*QC*1*MINNICK*BRADY****MI*0002299534~NM1*82*1*PLAYTER*AILEEN*T***XX*1013394097~DTM*232*20210323~DTM*233*20210323~AMT*AU*54~SVC*HC:90847:95*150*54**1~DTM*472*20210323~CAS*CO*45*96~REF*6R*928849023~AMT*B6*54~CLP*928391399*1*150*54**MC*2110492191*11*1~NM1*QC*1*MINNICK*BRADY****MI*0002299534~NM1*82*1*PLAYTER*AILEEN*T***XX*1013394097~DTM*232*20210315~DTM*233*20210315~AMT*AU*54~SVC*HC:90847:95*150*54**1~DTM*472*20210315~CAS*CO*45*96~REF*6R*928752305~AMT*B6*54~CLP*928392207*1*150*54**MC*2110492202*11*1~NM1*QC*1*MINNICK*BRADY****MI*0002299534~NM1*82*1*PLAYTER*AILEEN*T***XX*1013394097~DTM*232*20210301~DTM*233*20210301~AMT*AU*54~SVC*HC:90847:95*150*54**1~DTM*472*20210301~CAS*CO*45*96~REF*6R*928753733~AMT*B6*54~SE*48*876828329~GE*1*1~IEA*1*013217650~