ISA*00*          *00*          *ZZ*330897513      *ZZ*MEDBOSSC       *210901*0817*^*00501*867227343*0*P*:~GS*HP*330897513*MEDBOSSC*20210901*0817*867227343*X*005010X221A1~ST*835*0001~BPR*I*72.93*C*ACH*CCP*01*121301028*DA*0006883451*1990309519**01*321370765*DA*8102075433*20210421~TRN*1*30217107*1990309519~DTM*405*20210419~N1*PR*ALOHACARE~N3*1357 KAPIOLANI BLVD*SUITE 1250~N4*HONOLULU*HI*96814~REF*2U*MEDICAID752777124~PER*BL*ALOHACARE EDI*TE*8089731650*EM*EDI@ALOHACARE.ORG~N1*PE*SERENITY COUNSELING SERVICES HAWAII*XX*1588011043~N3*99-149 MOANALUA RD RM 201~N4*AIEA*HI*96701~REF*TJ*812344400~LX*1~CLP*928448441*1*150*72.93**MC*2110492104*11*1~NM1*QC*1*MINNICK*BRADY****MI*0002299534~NM1*82*1*PLAYTER*AILEEN*T***XX*1013394097~DTM*232*20210406~DTM*233*20210406~AMT*AU*72.93~SVC*HC:90847:95*150*72.93~DTM*472*20210406~CAS*CO*45*77.07~REF*6R*928850408~AMT*B6*72.93~SE*26*0001~GE*1*867227343~IEA*1*867227343~