ISA*00*          *00*          *ZZ*330897513      *ZZ*MEDBOSSC       *210819*1025*^*00501*863391237*0*P*:~GS*HP*330897513*MEDBOSSC*20210819*1025*863391237*X*005010X221A1~ST*835*0001~BPR*I*6431.71*C*ACH*CCP*01*043301627*DA*1077670664*1571132733*000000000*01*321370765*DA*8102075433*20210820~TRN*1*5642121229TR1*1571132733*000000000~REF*EV*7GW0013CA3~REF*F2*1588011043    R88010817008156~DTM*405*20210817~N1*PR*PGBA,LLC~N3*TRICARE WEST REGION CLAIMS*P.O. BOX 202112~N4*FLORENCE*SC*295022112~PER*CX*TRICARE WEST REGION CLAIMS CORRESPONDENCE*TE*8448669378~PER*BL*TRICARE ELECTRONIC CLAIMS SERVICE CENTER*TE*8003255920~N1*PE*SERENITY COUNSELING SERVICES H*XX*1588011043~N3*SUITE 201*99-149 MOANALUA RD~N4*AIEA*HI*96701~REF*TJ*812344400~LX*1~CLP*729-3369*1*120*0*120*CH*H216X53YM0000*11*1~NM1*QC*1*GOMES*BLAISE*R***HN*729-3369~NM1*82*1*PLAYTER*AILEEN*T***XX*1013394097~REF*1H*575843780~DTM*050*20210804~SVC*HC:90834:95*120*0~DTM*472*20210730~CAS*PR*32*120~REF*6R*138729-3369~LQ*HE*N52~LX*2~CLP*928447623*1*120*79.64**CH*H216400H60000*11*1~NM1*QC*1*ATWATER*ELIZABETH*A***HN*928447623~NM1*IL*1*ATWATER*GRAHAM*D***MI*601788051~DTM*050*20210804~AMT*AU*79.64~SVC*HC:90834:95*120*79.64~DTM*472*20210411~CAS*CO*45*40.36~AMT*B6*79.64~LX*3~CLP*575-212*1*120*79.64**CH*H221404HF0000*11*1~NM1*QC*1*TEASLEY*SHAWN*D***HN*575-212~NM1*IL*1*TEASLEY*SHAWN*D***MI*168569361~DTM*050*20210809~AMT*AU*79.64~SVC*HC:90834:95*120*79.64~DTM*472*20210411~CAS*CO*45*40.36~AMT*B6*79.64~LX*4~CLP*928447168*1*120*79.64**CH*H221404HH0000*11*1~NM1*QC*1*TEASLEY*SHAWN*D***HN*928447168~NM1*IL*1*TEASLEY*SHAWN*D***MI*168569361~DTM*050*20210809~AMT*AU*79.64~SVC*HC:90834:95*120*79.64~DTM*472*20210321~CAS*CO*45*40.36~AMT*B6*79.64~LX*5~CLP*928448355*1*120*79.64**CH*H221404HJ0000*11*1~NM1*QC*1*TEASLEY*SHAWN*D***HN*928448355~NM1*IL*1*TEASLEY*SHAWN*D***MI*168569361~DTM*050*20210809~AMT*AU*79.64~SVC*HC:90834:95*120*79.64~DTM*472*20210404~CAS*CO*45*40.36~AMT*B6*79.64~LX*6~CLP*928495056*1*175*117.6**CH*H221404HK0000*11*1~NM1*QC*1*FROMILLE*MOLLY*L***HN*928495056~NM1*IL*1*FROMILLE*SAMUEL*S***MI*216069067~NM1*82*1*WATERS*LORI*M***XX*1760854152~REF*1H*524943302~DTM*050*20210809~AMT*AU*117.6~SVC*HC:90837:95*175*117.6~DTM*472*20210504~CAS*CO*45*57.4~AMT*B6*117.6~LX*7~CLP*928481893*1*175*117.6**CH*H221404HL0000*11*1~NM1*QC*1*FROMILLE*MOLLY*L***HN*928481893~NM1*IL*1*FROMILLE*SAMUEL*S***MI*216069067~NM1*82*1*WATERS*LORI*M***XX*1760854152~REF*1H*524943302~DTM*050*20210809~AMT*AU*117.6~SVC*HC:90837:95*175*117.6~DTM*472*20210420~CAS*CO*45*57.4~AMT*B6*117.6~LX*8~CLP*928444288*1*175*117.6**CH*H221404HM0000*11*1~NM1*QC*1*FROMILLE*MOLLY*L***HN*928444288~NM1*IL*1*FROMILLE*SAMUEL*S***MI*216069067~NM1*82*1*WATERS*LORI*M***XX*1760854152~REF*1H*524943302~DTM*050*20210809~AMT*AU*117.6~SVC*HC:90837:95*175*117.6~DTM*472*20210316~CAS*CO*45*57.4~AMT*B6*117.6~LX*9~CLP*928447710*1*175*117.6**CH*H221404HN0000*11*1~NM1*QC*1*FROMILLE*MOLLY*L***HN*928447710~NM1*IL*1*FROMILLE*SAMUEL*S***MI*216069067~NM1*82*1*WATERS*LORI*M***XX*1760854152~REF*1H*524943302~DTM*050*20210809~AMT*AU*117.6~SVC*HC:90837:95*175*117.6~DTM*472*20210323~CAS*CO*45*57.4~AMT*B6*117.6~LX*10~CLP*928447666*1*175*117.6**CH*H221404HP0000*11*1~NM1*QC*1*FROMILLE*MOLLY*L***HN*928447666~NM1*IL*1*FROMILLE*SAMUEL*S***MI*216069067~NM1*82*1*WATERS*LORI*M***XX*1760854152~REF*1H*524943302~DTM*050*20210809~AMT*AU*117.6~SVC*HC:90837:95*175*117.6~DTM*472*20210330~CAS*CO*45*57.4~AMT*B6*117.6~LX*11~CLP*928509136*1*175*117.6**CH*H221404HV0000*11*1~NM1*QC*1*ETHERIDGE*MARY*E***HN*928509136~NM1*IL*1*ETHERIDGE*CHARLES*M***MI*229539428~DTM*050*20210809~AMT*AU*117.6~SVC*HC:90837:95*175*117.6~DTM*472*20210417~CAS*CO*45*57.4~AMT*B6*117.6~LX*12~CLP*626-1224*1*120*79.64**CH*H221404HW0000*11*1~NM1*QC*1*SWINT*CRYSTAL*I***HN*626-1224~NM1*IL*1*SWINT*ALEXANDER*D***MI*245713148~DTM*050*20210809~AMT*AU*79.64~SVC*HC:90834:95*120*79.64~DTM*472*20210523~CAS*CO*45*40.36~AMT*B6*79.64~LX*13~CLP*626-992*1*120*79.64**CH*H221404HX0000*11*1~NM1*QC*1*SWINT*CRYSTAL*I***HN*626-992~NM1*IL*1*SWINT*ALEXANDER*D***MI*245713148~DTM*050*20210809~AMT*AU*79.64~SVC*HC:90834:95*120*79.64~DTM*472*20210516~CAS*CO*45*40.36~AMT*B6*79.64~LX*14~CLP*626-690*1*220*156.57**CH*H221404HY0000*11*1~NM1*QC*1*SWINT*CRYSTAL*I***HN*626-690~NM1*IL*1*SWINT*ALEXANDER*D***MI*245713148~DTM*050*20210809~AMT*AU*156.57~SVC*HC:90792:95*220*156.57~DTM*472*20210424~CAS*CO*45*63.43~AMT*B6*156.57~LX*15~CLP*626-847*1*120*79.64**CH*H221404HZ0000*11*1~NM1*QC*1*SWINT*CRYSTAL*I***HN*626-847~NM1*IL*1*SWINT*ALEXANDER*D***MI*245713148~DTM*050*20210809~AMT*AU*79.64~SVC*HC:90834:95*120*79.64~DTM*472*20210501~CAS*CO*45*40.36~AMT*B6*79.64~LX*16~CLP*575-1220*1*120*79.64**CH*H221404H70000*11*1~NM1*QC*1*TEASLEY*SHAWN*D***HN*575-1220~NM1*IL*1*TEASLEY*SHAWN*D***MI*168569361~DTM*050*20210809~AMT*AU*79.64~SVC*HC:90834:95*120*79.64~DTM*472*20210523~CAS*CO*45*40.36~AMT*B6*79.64~LX*17~CLP*575-473*1*120*79.64**CH*H221404H80000*11*1~NM1*QC*1*TEASLEY*SHAWN*D***HN*575-473~NM1*IL*1*TEASLEY*SHAWN*D***MI*168569361~DTM*050*20210809~AMT*AU*79.64~SVC*HC:90834:95*120*79.64~DTM*472*20210418~CAS*CO*45*40.36~AMT*B6*79.64~LX*18~CLP*575-694*1*120*79.64**CH*H221404H90000*11*1~NM1*QC*1*TEASLEY*SHAWN*D***HN*575-694~NM1*IL*1*TEASLEY*SHAWN*D***MI*168569361~DTM*050*20210809~AMT*AU*79.64~SVC*HC:90834:95*120*79.64~DTM*472*20210425~CAS*CO*45*40.36~AMT*B6*79.64~LX*19~CLP*597-688*1*120*79.64**CH*H221404JF0000*11*1~NM1*QC*1*COMBS*NATHANIEL*D***HN*597-688~NM1*IL*1*COMBS*DAVID*M***MI*351741750~DTM*050*20210809~AMT*AU*79.64~SVC*HC:90834:95*120*79.64~DTM*472*20210424~CAS*CO*45*40.36~AMT*B6*79.64~LX*20~CLP*928447153*1*120*79.64**CH*H221404JH0000*11*1~NM1*QC*1*COMBS*NATHANIEL*D***HN*928447153~NM1*IL*1*COMBS*DAVID*M***MI*351741750~DTM*050*20210809~AMT*AU*79.64~SVC*HC:90834:95*120*79.64~DTM*472*20210319~CAS*CO*45*40.36~AMT*B6*79.64~LX*21~CLP*928447196*1*120*79.64**CH*H221404JJ0000*11*1~NM1*QC*1*COMBS*NATHANIEL*D***HN*928447196~NM1*IL*1*COMBS*DAVID*M***MI*351741750~DTM*050*20210809~AMT*AU*79.64~SVC*HC:90834:95*120*79.64~DTM*472*20210321~CAS*CO*45*40.36~AMT*B6*79.64~LX*22~CLP*928488165*1*120*79.64**CH*H221404JL0000*11*1~NM1*QC*1*NGUYEN*AMBER*N***HN*928488165~NM1*IL*1*NGUYEN*TUAN*A***MI*463733342~NM1*82*1*FERREIRA*LORI****XX*1811143126~REF*1H*576766277~DTM*050*20210809~AMT*AU*79.64~SVC*HC:90834:95*120*79.64~DTM*472*20210422~CAS*CO*45*40.36~AMT*B6*79.64~LX*23~CLP*928444127*1*120*79.64**CH*H221404JM0000*11*1~NM1*QC*1*NGUYEN*AMBER*N***HN*928444127~NM1*IL*1*NGUYEN*TUAN*A***MI*463733342~NM1*82*1*FERREIRA*LORI****XX*1811143126~REF*1H*576766277~DTM*050*20210809~AMT*AU*79.64~SVC*HC:90834:95*120*79.64~DTM*472*20210311~CAS*CO*45*40.36~AMT*B6*79.64~LX*24~CLP*928447512*1*120*79.64**CH*H221404JP0000*11*1~NM1*QC*1*NGUYEN*AMBER*N***HN*928447512~NM1*IL*1*NGUYEN*TUAN*A***MI*463733342~NM1*82*1*FERREIRA*LORI****XX*1811143126~REF*1H*576766277~DTM*050*20210809~AMT*AU*79.64~SVC*HC:90834:95*120*79.64~DTM*472*20210325~CAS*CO*45*40.36~AMT*B6*79.64~LX*25~CLP*928447618*1*120*79.64**CH*H221404JQ0000*11*1~NM1*QC*1*NGUYEN*AMBER*N***HN*928447618~NM1*IL*1*NGUYEN*TUAN*A***MI*463733342~NM1*82*1*FERREIRA*LORI****XX*1811143126~REF*1H*576766277~DTM*050*20210809~AMT*AU*79.64~SVC*HC:90834:95*120*79.64~DTM*472*20210401~CAS*CO*45*40.36~AMT*B6*79.64~LX*26~CLP*553-297*1*120*79.64**CH*H221404JW0000*11*1~NM1*QC*1*ALVERSON*CARRIE*J***HN*553-297~NM1*IL*1*ALVERSON*RAYMOND*L***MI*519312353~DTM*050*20210809~AMT*AU*79.64~SVC*HC:90834:95*120*79.64~DTM*472*20210412~CAS*CO*45*40.36~AMT*B6*79.64~LX*27~CLP*928447222*1*120*79.64**CH*H221404J20000*11*1~NM1*QC*1*REDMON*JESSICA*H***HN*928447222~NM1*IL*1*REDMON*NICHOLAS*A***MI*281044074~DTM*050*20210809~AMT*AU*79.64~SVC*HC:90834:95*120*79.64~DTM*472*20210322~CAS*CO*45*40.36~AMT*B6*79.64~LX*28~CLP*928447292*1*120*79.64**CH*H221404J30000*11*1~NM1*QC*1*REDMON*JESSICA*H***HN*928447292~NM1*IL*1*REDMON*NICHOLAS*A***MI*281044074~DTM*050*20210809~AMT*AU*79.64~SVC*HC:90834:95*120*79.64~DTM*472*20210327~CAS*CO*45*40.36~AMT*B6*79.64~LX*29~CLP*928447670*1*120*79.64**CH*H221404J70000*11*1~NM1*QC*1*REDMON*JESSICA*H***HN*928447670~NM1*IL*1*REDMON*NICHOLAS*A***MI*281044074~DTM*050*20210809~AMT*AU*79.64~SVC*HC:90834:95*120*79.64~DTM*472*20210405~CAS*CO*45*40.36~AMT*B6*79.64~LX*30~CLP*928529592*1*150*81.41**CH*H221404KB0000*11*1~NM1*QC*1*ROSENBERG*ERICA*D***HN*928529592~NM1*IL*1*ROSENBERG*ROBERT*E***MI*534849523~NM1*82*1*QUAY*MICHAEL****XX*1669002457~REF*1H*256945192~DTM*050*20210809~AMT*AU*81.41~SVC*HC:90847:95*150*81.41~DTM*472*20210207~CAS*CO*45*68.59~AMT*B6*81.41~LX*31~CLP*928529585*1*150*81.41**CH*H221404KD0000*11*1~NM1*QC*1*ROSENBERG*ERICA*D***HN*928529585~NM1*IL*1*ROSENBERG*ROBERT*E***MI*534849523~NM1*82*1*QUAY*MICHAEL****XX*1669002457~REF*1H*256945192~DTM*050*20210809~AMT*AU*81.41~SVC*HC:90847:95*150*81.41~DTM*472*20210221~CAS*CO*45*68.59~AMT*B6*81.41~LX*32~CLP*928444314*1*190*139.87**CH*H221404KN0000*11*1~NM1*QC*1*YODER*JOESEPH****HN*928444314~NM1*IL*1*YODER*THOMAS*F***MI*600096227~NM1*82*1*WATERS*LORI*M***XX*1760854152~REF*1H*524943302~DTM*050*20210809~AMT*AU*139.87~SVC*HC:90791:95*190*139.87~DTM*472*20210317~CAS*CO*45*50.13~AMT*B6*139.87~LX*33~CLP*553-125*1*120*79.64**CH*H221404K10000*11*1~NM1*QC*1*ALVERSON*CARRIE*J***HN*553-125~NM1*IL*1*ALVERSON*RAYMOND*L***MI*519312353~DTM*050*20210809~AMT*AU*79.64~SVC*HC:90834:95*120*79.64~DTM*472*20210405~CAS*CO*45*40.36~AMT*B6*79.64~LX*34~CLP*928529596*1*150*78.14**CH*H221404K40000*11*1~NM1*QC*1*ROSENBERG*ERICA*D***HN*928529596~NM1*IL*1*ROSENBERG*ROBERT*E***MI*534849523~NM1*82*1*QUAY*MICHAEL****XX*1669002457~REF*1H*256945192~DTM*050*20210809~AMT*AU*78.14~SVC*HC:90847:95*150*78.14~DTM*472*20210307~CAS*CO*45*71.86~AMT*B6*78.14~LX*35~CLP*928529599*1*150*78.14**CH*H221404K50000*11*1~NM1*QC*1*ROSENBERG*ERICA*D***HN*928529599~NM1*IL*1*ROSENBERG*ROBERT*E***MI*534849523~NM1*82*1*QUAY*MICHAEL****XX*1669002457~REF*1H*256945192~DTM*050*20210809~AMT*AU*78.14~SVC*HC:90847:95*150*78.14~DTM*472*20210321~CAS*CO*45*71.86~AMT*B6*78.14~LX*36~CLP*928530260*1*150*78.14**CH*H221404K60000*11*1~NM1*QC*1*ROSENBERG*ERICA*D***HN*928530260~NM1*IL*1*ROSENBERG*ROBERT*E***MI*534849523~NM1*82*1*QUAY*MICHAEL****XX*1669002457~REF*1H*256945192~DTM*050*20210809~AMT*AU*78.14~SVC*HC:90847:95*150*78.14~DTM*472*20210404~CAS*CO*45*71.86~AMT*B6*78.14~LX*37~CLP*928530250*1*150*78.14**CH*H221404K70000*11*1~NM1*QC*1*ROSENBERG*ERICA*D***HN*928530250~NM1*IL*1*ROSENBERG*ROBERT*E***MI*534849523~NM1*82*1*QUAY*MICHAEL****XX*1669002457~REF*1H*256945192~DTM*050*20210809~AMT*AU*78.14~SVC*HC:90847:95*150*78.14~DTM*472*20210411~CAS*CO*45*71.86~AMT*B6*78.14~LX*38~CLP*928529595*1*190*112.09**CH*H221404K90000*11*1~NM1*QC*1*ROSENBERG*ERICA*D***HN*928529595~NM1*IL*1*ROSENBERG*ROBERT*E***MI*534849523~NM1*82*1*QUAY*MICHAEL****XX*1669002457~REF*1H*256945192~DTM*050*20210809~AMT*AU*112.09~SVC*HC:90791:95*190*112.09~DTM*472*20210124~CAS*CO*45*77.91~AMT*B6*112.09~LX*39~CLP*92823120*1*120*72.57**CH*H224400MV0000*11*1~NM1*QC*1*ALEXANDER*SANDRA*A***HN*92823120~NM1*IL*1*ALEXANDER*TITO*L***MI*463937671~DTM*050*20210812~AMT*AU*72.57~SVC*HC:90834:95*120*72.57~DTM*472*20200825~CAS*CO*45*47.43~AMT*B6*72.57~LX*40~CLP*92840959*1*120*72.57**CH*H224400MZ0000*11*1~NM1*QC*1*ALEXANDER*SANDRA*A***HN*92840959~NM1*IL*1*ALEXANDER*TITO*L***MI*463937671~DTM*050*20210812~AMT*AU*72.57~SVC*HC:90834:95*120*72.57~DTM*472*20200901~CAS*CO*45*47.43~AMT*B6*72.57~LX*41~CLP*608-1216*1*120*79.64**CH*H224400NH0000*11*1~NM1*QC*1*ATWATER*ELIZABETH*A***HN*608-1216~NM1*IL*1*ATWATER*GRAHAM*D***MI*601788051~DTM*050*20210812~AMT*AU*79.64~SVC*HC:90834:95*120*79.64~DTM*472*20210522~CAS*CO*45*40.36~AMT*B6*79.64~LX*42~CLP*608-1732*1*120*79.64**CH*H224400NM0000*11*1~NM1*QC*1*ATWATER*ELIZABETH*A***HN*608-1732~NM1*IL*1*ATWATER*GRAHAM*D***MI*601788051~DTM*050*20210812~AMT*AU*79.64~SVC*HC:90834:95*120*79.64~DTM*472*20210529~CAS*CO*45*40.36~AMT*B6*79.64~LX*43~CLP*608-1838*1*120*75.5**CH*H224400NP0000*11*1~NM1*QC*1*ATWATER*ELIZABETH*A***HN*608-1838~NM1*IL*1*ATWATER*GRAHAM*D***MI*601788051~DTM*050*20210812~AMT*AU*75.5~SVC*HC:90846:95*120*75.5~DTM*472*20210605~CAS*CO*45*44.5~AMT*B6*75.5~LX*44~CLP*608-1985*1*120*78.14**CH*H224400NS0000*11*1~NM1*QC*1*ATWATER*ELIZABETH*A***HN*608-1985~NM1*IL*1*ATWATER*GRAHAM*D***MI*601788051~DTM*050*20210812~AMT*AU*78.14~SVC*HC:90847:95*120*78.14~DTM*472*20210612~CAS*CO*45*41.86~AMT*B6*78.14~LX*45~CLP*608-2134*1*120*79.64**CH*H224400NY0000*11*1~NM1*QC*1*ATWATER*ELIZABETH*A***HN*608-2134~NM1*IL*1*ATWATER*GRAHAM*D***MI*601788051~DTM*050*20210812~AMT*AU*79.64~SVC*HC:90834:95*120*79.64~DTM*472*20210619~CAS*CO*45*40.36~AMT*B6*79.64~LX*46~CLP*608-981*1*120*79.64**CH*H224400N20000*11*1~NM1*QC*1*ATWATER*ELIZABETH*A***HN*608-981~NM1*IL*1*ATWATER*GRAHAM*D***MI*601788051~DTM*050*20210812~AMT*AU*79.64~SVC*HC:90834:95*120*79.64~DTM*472*20210515~CAS*CO*45*40.36~AMT*B6*79.64~LX*47~CLP*608-911*1*120*78.14**CH*H224400N60000*11*1~NM1*QC*1*ATWATER*ELIZABETH*A***HN*608-911~NM1*IL*1*ATWATER*GRAHAM*D***MI*601788051~DTM*050*20210812~AMT*AU*78.14~SVC*HC:90847:95*120*78.14~DTM*472*20210508~CAS*CO*45*41.86~AMT*B6*78.14~LX*48~CLP*608-448*1*120*79.64**CH*H224400PG0000*11*1~NM1*QC*1*ATWATER*ELIZABETH*A***HN*608-448~NM1*IL*1*ATWATER*GRAHAM*D***MI*601788051~DTM*050*20210812~AMT*AU*79.64~SVC*HC:90834:95*120*79.64~DTM*472*20210416~CAS*CO*45*40.36~AMT*B6*79.64~LX*49~CLP*608-680*1*120*78.14**CH*H224400PK0000*11*1~NM1*QC*1*ATWATER*ELIZABETH*A***HN*608-680~NM1*IL*1*ATWATER*GRAHAM*D***MI*601788051~DTM*050*20210812~AMT*AU*78.14~SVC*HC:90847:95*120*78.14~DTM*472*20210423~CAS*CO*45*41.86~AMT*B6*78.14~LX*50~CLP*608-839*1*120*78.14**CH*H224400PN0000*11*1~NM1*QC*1*ATWATER*ELIZABETH*A***HN*608-839~NM1*IL*1*ATWATER*GRAHAM*D***MI*601788051~DTM*050*20210812~AMT*AU*78.14~SVC*HC:90847:95*120*78.14~DTM*472*20210430~CAS*CO*45*41.86~AMT*B6*78.14~LX*51~CLP*928491485*1*150*81.41**CH*H224400QD0000*11*1~NM1*QC*1*MEACHUM*DANIELLE*E***HN*928491485~NM1*IL*1*MEACHUM*BRIAN*G***MI*556831137~DTM*050*20210812~AMT*AU*81.41~SVC*HC:90847:95*150*81.41~DTM*472*20210228~CAS*CO*45*68.59~AMT*B6*81.41~LX*52~CLP*928491484*1*145*78.69**CH*H224400Q90000*11*1~NM1*QC*1*MEACHUM*DANIELLE*E***HN*928491484~NM1*IL*1*MEACHUM*BRIAN*G***MI*556831137~DTM*050*20210812~AMT*AU*78.69~SVC*HC:90846:95*145*78.69~DTM*472*20210221~CAS*CO*45*66.31~AMT*B6*78.69~LX*53~CLP*400-1907*1*120*79.64**CH*H224400WK0000*11*1~NM1*QC*1*ALEXANDER*SANDRA*A***HN*400-1907~NM1*IL*1*ALEXANDER*TITO*L***MI*463937671~DTM*050*20210812~AMT*AU*79.64~SVC*HC:90834:95*120*79.64~DTM*472*20210607~CAS*CO*45*40.36~AMT*B6*79.64~LX*54~CLP*928599771*1*175*117.6**CH*H224400WW0000*11*1~NM1*QC*1*ETHERIDGE*MARY*E***HN*928599771~NM1*IL*1*ETHERIDGE*CHARLES*M***MI*229539428~DTM*050*20210812~AMT*AU*117.6~SVC*HC:90837:95*175*117.6~DTM*472*20210523~CAS*CO*45*57.4~AMT*B6*117.6~LX*55~CLP*928599785*1*175*117.6**CH*H224400XS0000*11*1~NM1*QC*1*ETHERIDGE*MARY*E***HN*928599785~NM1*IL*1*ETHERIDGE*CHARLES*M***MI*229539428~DTM*050*20210812~AMT*AU*117.6~SVC*HC:90837:95*175*117.6~DTM*472*20210530~CAS*CO*45*57.4~AMT*B6*117.6~LX*56~CLP*636-2486*1*120*79.64**CH*H224400YG0000*11*1~NM1*QC*1*NGUYEN*AMBER*N***HN*636-2486~NM1*IL*1*NGUYEN*TUAN*A***MI*463733342~NM1*82*1*FERREIRA*LORI****XX*1811143126~REF*1H*576766277~DTM*050*20210812~AMT*AU*79.64~SVC*HC:90834:95*120*79.64~DTM*472*20210603~CAS*CO*45*40.36~AMT*B6*79.64~LX*57~CLP*928599806*1*175*117.6**CH*H224400Y00000*11*1~NM1*QC*1*FROMILLE*MOLLY*L***HN*928599806~NM1*IL*1*FROMILLE*SAMUEL*S***MI*216069067~NM1*82*1*WATERS*LORI*M***XX*1760854152~REF*1H*524943302~DTM*050*20210812~AMT*AU*117.6~SVC*HC:90837:95*175*117.6~DTM*472*20210601~CAS*CO*45*57.4~AMT*B6*117.6~LX*58~CLP*636-2484*1*120*69.18**CH*H224400Y90000*02*1~NM1*QC*1*NGUYEN*AMBER*N***HN*636-2484~NM1*IL*1*NGUYEN*TUAN*A***MI*463733342~NM1*82*1*FERREIRA*LORI****XX*1811143126~REF*1H*576766277~DTM*050*20210812~AMT*AU*69.18~SVC*HC:90834*120*69.18~DTM*472*20210429~CAS*CO*45*50.82~AMT*B6*69.18~LX*59~CLP*928391575*1*190*139.87**CH*H224400ZB0000*11*1~NM1*QC*1*RODGERS*ALEXANDRIA*N***HN*928391575~NM1*IL*1*RODGERS*ADAM*R***MI*273928614~NM1*82*1*WATERS*LORI*M***XX*1760854152~REF*1H*524943302~DTM*050*20210812~AMT*AU*139.87~SVC*HC:90791:95*190*139.87~DTM*472*20210301~CAS*CO*45*50.13~AMT*B6*139.87~LX*60~CLP*604-1740*1*150*117.6**CH*H224400ZD0000*11*1~NM1*QC*1*ROSENBERG*ERICA*D***HN*604-1740~NM1*IL*1*ROSENBERG*ROBERT*E***MI*534849523~NM1*82*1*QUAY*MICHAEL****XX*1669002457~REF*1H*256945192~DTM*050*20210812~AMT*AU*117.6~SVC*HC:90837:95*150*117.6~DTM*472*20210516~CAS*CO*45*32.4~AMT*B6*117.6~LX*61~CLP*604-1736*1*150*117.6**CH*H224400ZS0000*11*1~NM1*QC*1*ROSENBERG*ERICA*D***HN*604-1736~NM1*IL*1*ROSENBERG*ROBERT*E***MI*534849523~NM1*82*1*QUAY*MICHAEL****XX*1669002457~REF*1H*256945192~DTM*050*20210812~AMT*AU*117.6~SVC*HC:90837:95*150*117.6~DTM*472*20210411~CAS*CO*45*32.4~AMT*B6*117.6~LX*62~CLP*928392282*1*175*117.6**CH*H224400Z40000*11*1~NM1*QC*1*PEREZ MORAN*ALEXIS*M***HN*928392282~NM1*IL*1*PEREZMORAN*JOSE*F***MI*612845271~NM1*82*1*WATERS*LORI*M***XX*1760854152~REF*1H*524943302~DTM*050*20210812~AMT*AU*117.6~SVC*HC:90837:95*175*117.6~DTM*472*20210302~CAS*CO*45*57.4~AMT*B6*117.6~LX*63~CLP*928599822*1*175*117.6**CH*H224400Z70000*11*1~NM1*QC*1*PEREZ MORAN*ALEXIS*M***HN*928599822~NM1*IL*1*PEREZMORAN*JOSE*F***MI*612845271~NM1*82*1*WATERS*LORI*M***XX*1760854152~REF*1H*524943302~DTM*050*20210812~AMT*AU*117.6~SVC*HC:90837:95*175*117.6~DTM*472*20210608~CAS*CO*45*57.4~AMT*B6*117.6~LX*64~CLP*604-1738*1*150*117.6**CH*H2244010H0000*11*1~NM1*QC*1*ROSENBERG*ERICA*D***HN*604-1738~NM1*IL*1*ROSENBERG*ROBERT*E***MI*534849523~NM1*82*1*QUAY*MICHAEL****XX*1669002457~REF*1H*256945192~DTM*050*20210812~AMT*AU*117.6~SVC*HC:90837:95*150*117.6~DTM*472*20210418~CAS*CO*45*32.4~AMT*B6*117.6~LX*65~CLP*626-1754*1*120*79.64**CH*H2244010S0000*11*1~NM1*QC*1*SWINT*CRYSTAL*I***HN*626-1754~NM1*IL*1*SWINT*ALEXANDER*D***MI*245713148~DTM*050*20210812~AMT*AU*79.64~SVC*HC:90834:95*120*79.64~DTM*472*20210530~CAS*CO*45*40.36~AMT*B6*79.64~LX*66~CLP*626-1850*1*120*75.5**CH*H2244010T0000*11*1~NM1*QC*1*SWINT*CRYSTAL*I***HN*626-1850~NM1*IL*1*SWINT*ALEXANDER*D***MI*245713148~DTM*050*20210812~AMT*AU*75.5~SVC*HC:90846:95*120*75.5~DTM*472*20210606~CAS*CO*45*44.5~AMT*B6*75.5~LX*67~CLP*575-1856*1*120*79.64**CH*H2244010Y0000*11*1~NM1*QC*1*TEASLEY*SHAWN*D***HN*575-1856~NM1*IL*1*TEASLEY*SHAWN*D***MI*168569361~DTM*050*20210812~AMT*AU*79.64~SVC*HC:90834:95*120*79.64~DTM*472*20210606~CAS*CO*45*40.36~AMT*B6*79.64~LX*68~CLP*575-2325*1*120*79.64**CH*H224401120000*11*1~NM1*QC*1*TEASLEY*SHAWN*D***HN*575-2325~NM1*IL*1*TEASLEY*SHAWN*D***MI*168569361~DTM*050*20210812~AMT*AU*79.64~SVC*HC:90834:95*120*79.64~DTM*472*20210627~CAS*CO*45*40.36~AMT*B6*79.64~LX*69~CLP*928447387*1*190*139.87**CH*H225X16630000*11*1~NM1*QC*1*PEREZ*STEPHANIE*K***HN*928447387~NM1*IL*1*ROSSETTI*CHRISTOPH*H***MI*326824302~NM1*82*1*PLAYTER*AILEEN*T***XX*1013394097~REF*1H*575843780~DTM*050*20210813~AMT*AU*139.87~SVC*HC:90791:95*190*139.87~DTM*472*20210322~CAS*CO*45*50.13~REF*6R*928848754~AMT*B6*139.87~LX*70~CLP*928444197*1*175*117.6**CH*H225X16640000*11*1~NM1*QC*1*PEREZ*STEPHANIE*K***HN*928444197~NM1*IL*1*ROSSETTI*CHRISTOPH*H***MI*326824302~NM1*82*1*PLAYTER*AILEEN*T***XX*1013394097~REF*1H*575843780~DTM*050*20210813~AMT*AU*117.6~SVC*HC:90837:95*175*117.6~DTM*472*20210401~CAS*CO*45*57.4~REF*6R*928843565~AMT*B6*117.6~LX*71~CLP*928448408*1*175*117.6**CH*H225X16650000*11*1~NM1*QC*1*PEREZ*STEPHANIE*K***HN*928448408~NM1*IL*1*ROSSETTI*CHRISTOPH*H***MI*326824302~NM1*82*1*PLAYTER*AILEEN*T***XX*1013394097~REF*1H*575843780~DTM*050*20210813~AMT*AU*117.6~SVC*HC:90837:95*175*117.6~DTM*472*20210409~CAS*CO*45*57.4~REF*6R*928850360~AMT*B6*117.6~SE*788*0001~GE*1*863391237~IEA*1*863391237~