ISA*00*          *00*          *ZZ*330897513      *ZZ*MEDBOSSC       *211008*0711*^*00501*879544977*0*P*:~GS*HP*330897513*MEDBOSSC*20211008*0711*879544977*X*005010X221A1~ST*835*0001~BPR*I*90.1*C*ACH*CCP*01*043301627*DA*1077670664*1571132733*000000000*01*321370765*DA*8102075433*20211012~TRN*1*5026558279TR2*1571132733*000000000~REF*EV*7GW0013CA3~REF*F2*1588011043    R88011006002262~DTM*405*20211006~N1*PR*PGBA,LLC~N3*TRICARE WEST REGION CLAIMS*P.O. BOX 202112~N4*FLORENCE*SC*295022112~PER*CX*TRICARE WEST REGION CLAIMS CORRESPONDENCE*TE*8448669378~PER*BL*TRICARE ELECTRONIC CLAIMS SERVICE CENTER*TE*8003255920~N1*PE*SERENITY COUNSELING SERVICES*XX*1588011043~N3*201*99-149 MOANALUA RD~N4*AIEA*HI*96701~REF*TJ*812344400~LX*1~CLP*736-5208*1*150*38.92*63.43*CH*H277X4L4Q0000*02*1~NM1*QC*1*COUTURE*CECILY*E***HN*736-5208~NM1*IL*1*SCOTT*BRENDEN*C***MI*536175447~NM1*82*1*PLAYTER*AILEEN*T***XX*1013394097~REF*1H*575843780~DTM*050*20211004~AMT*AU*102.35~SVC*HC:90837:95*150*38.92~DTM*472*20210930~CAS*CO*242*47.65~CAS*PR*1*24.51**2*38.92~REF*6R*594736-5208~AMT*B6*102.35~LQ*HE*N212~LX*2~CLP*2070-5195*1*150*51.18*51.17*CH*H277X4L4R0000*02*1~NM1*QC*1*MORRIS*JESSICA*D***HN*2070-5195~NM1*IL*1*MORRIS*LUKE*R***MI*623709077~NM1*82*1*PLAYTER*AILEEN*T***XX*1013394097~REF*1H*575843780~DTM*050*20211004~AMT*AU*102.35~SVC*HC:90837:95*150*51.18~DTM*472*20210930~CAS*CO*242*47.65~CAS*PR*2*51.17~REF*6R*5522070-5195~AMT*B6*102.35~LQ*HE*N212~SE*46*0001~GE*1*879544977~IEA*1*879544977~