ISA*00*          *00*          *ZZ*330897513      *ZZ*MEDBOSSC       *210702*1203*^*00501*847738728*0*P*:~GS*HP*330897513*MEDBOSSC*20210702*1203*847738728*X*005010X221A1~ST*835*0001~BPR*I*425*C*ACH*CCP*01*051404260*DA*252781161*1541414194**01*321370765*DA*8102075433*20210705~TRN*1*0000514400*1541414194~N1*PR*BEACON HEALTH OPTIONS, INC.~N3*ATTN FINANCE DEPT~N4*NORFOLK*VA*23502~REF*2U*FDX~PER*BL*VALUEOPTIONS EDI HELPDESK*TE*8882479311*EM*ESUPPORTSERVICES@VALUEOPTIONS.COM~N1*PE*SERENITY COUNSELING SERVICES H*XX*1699008045~N3*10641 WINDSMONT CT~N4*LEHIGH ACRES*FL*339367268~REF*TJ*812344400~LX*1~CLP*0*1*85*85**13*06   062521 04065 00334*11~NM1*QC*1*HAGAR*CHELSEA*R***MI*1113298~NM1*IL*1*HAGAR*CHELSEA*R***MI*1113298~NM1*82*2*LINARES, DAVID*****XX*1699008045~REF*1W*1113298~REF*1J*E824169~SVC*HC:AEA:60*85*85~DTM*472*20210625~REF*6R*001~AMT*B6*85~CLP*0*1*85*85**13*06   062621 04065 00250*11~NM1*QC*1*MATHIS*JAMISON*L***MI*985245~NM1*IL*1*MATHIS*JAMISON*L***MI*985245~NM1*82*2*LINARES, DAVID*****XX*1699008045~REF*1W*985245~REF*1J*E824169~SVC*HC:AEA:60*85*85~DTM*472*20210626~REF*6R*001~AMT*B6*85~CLP*0*1*85*85**13*06   062521 04065 00443*11~NM1*QC*1*NOZAKI*SCOTT*F***MI*1114819~NM1*IL*1*NOZAKI*SCOTT*F***MI*1114819~NM1*82*2*LINARES, DAVID*****XX*1699008045~REF*1W*1114819~REF*1J*E824169~SVC*HC:AEA:60*85*85~DTM*472*20210625~REF*6R*001~AMT*B6*85~CLP*0*1*85*85**13*06   062621 04065 00308*11~NM1*QC*1*RIGGINS*JESSICA*R***MI*1127754~NM1*IL*1*RIGGINS*JESSICA*R***MI*1127754~NM1*82*2*LINARES, DAVID*****XX*1699008045~REF*1W*1127754~REF*1J*E824169~SVC*HC:AEA:60*85*85~DTM*472*20210626~REF*6R*001~AMT*B6*85~CLP*0*1*85*85**13*06   062921 04065 00208*11~NM1*QC*1*SHARPE*NORMAN****MI*1127728~NM1*IL*1*SHARPE*NORMAN****MI*1127728~NM1*82*2*LINARES, DAVID*****XX*1699008045~REF*1W*1127728~REF*1J*E824169~SVC*HC:AEA:60*85*85~DTM*472*20210628~REF*6R*001~AMT*B6*85~SE*64*0001~ST*835*0002~BPR*I*85*C*ACH*CCP*01*051404260*DA*252781161*1541414194**01*321370765*DA*8102075433*20210705~TRN*1*0000513949*1541414194~N1*PR*BEACON HEALTH OPTIONS, INC.~N3*ATTN FINANCE DEPT~N4*NORFOLK*VA*23502~REF*2U*FDX~PER*BL*VALUEOPTIONS EDI HELPDESK*TE*8882479311*EM*ESUPPORTSERVICES@VALUEOPTIONS.COM~N1*PE*SERENITY COUNSELING SERVICES H*XX*1699008045~N3*10641 WINDSMONT CT~N4*LEHIGH ACRES*FL*339367268~REF*TJ*812344400~LX*1~CLP*0*1*85*85**13*06   062521 04065 00354*11~NM1*QC*1*NORMAN*TRISTON*F***MI*1074395~NM1*IL*1*NORMAN*TRISTON*F***MI*1074395~NM1*82*2*LINARES, DAVID*****XX*1699008045~REF*1W*1074395~REF*1J*E824169~SVC*HC:AEA:60*85*85~DTM*472*20210625~REF*6R*001~AMT*B6*85~SE*24*0002~ST*835*0003~BPR*I*85*C*ACH*CCP*01*051404260*DA*252781161*1541414194**01*321370765*DA*8102075433*20210705~TRN*1*0000514553*1541414194~N1*PR*BEACON HEALTH OPTIONS, INC.~N3*ATTN FINANCE DEPT~N4*NORFOLK*VA*23502~REF*2U*FDX~PER*BL*VALUEOPTIONS EDI HELPDESK*TE*8882479311*EM*ESUPPORTSERVICES@VALUEOPTIONS.COM~N1*PE*SERENITY COUNSELING SERVICES H*XX*1699008045~N3*10641 WINDSMONT CT~N4*LEHIGH ACRES*FL*339367268~REF*TJ*812344400~LX*1~CLP*0*1*85*85**13*06   062921 04065 00217*11~NM1*QC*1*NATOR*ROSE*L***MI*1104614~NM1*IL*1*NATOR*ROSE*L***MI*1104614~NM1*82*2*LINARES, DAVID*****XX*1699008045~REF*1W*1104614~REF*1J*E824169~SVC*HC:AEA:60*85*85~DTM*472*20210628~REF*6R*001~AMT*B6*85~SE*24*0003~ST*835*0004~BPR*I*170*C*ACH*CCP*01*051404260*DA*252781161*1541414194**01*321370765*DA*8102075433*20210705~TRN*1*0000514807*1541414194~N1*PR*BEACON HEALTH OPTIONS, INC.~N3*ATTN FINANCE DEPT~N4*NORFOLK*VA*23502~REF*2U*FDX~PER*BL*VALUEOPTIONS EDI HELPDESK*TE*8882479311*EM*ESUPPORTSERVICES@VALUEOPTIONS.COM~N1*PE*SERENITY COUNSELING SERVICES H*XX*1699008045~N3*10641 WINDSMONT CT~N4*LEHIGH ACRES*FL*339367268~REF*TJ*812344400~LX*1~CLP*0*1*85*85**13*06   062721 04065 00306*11~NM1*QC*1*MATERIALE*KATELYN*N***MI*1124663~NM1*IL*1*MATERIALE*KATELYN*N***MI*1124663~NM1*82*2*LINARES, DAVID*****XX*1699008045~REF*1W*1124663~REF*1J*E824169~SVC*HC:AEA:60*85*85~DTM*472*20210627~REF*6R*001~AMT*B6*85~CLP*0*1*85*85**13*06   062821 04065 00378*11~NM1*QC*1*MCKENZIE*PIERCE****MI*1111085~NM1*IL*1*MCKENZIE*PIERCE****MI*1111085~NM1*82*2*LINARES, DAVID*****XX*1699008045~REF*1W*1111085~REF*1J*E824169~SVC*HC:AEA:60*85*85~DTM*472*20210628~REF*6R*001~AMT*B6*85~CLP*0*22*-85*-85**13*06   062121 04065 00411*11~NM1*QC*1*PEGRAM*CASEY*E***MI*1077485~NM1*IL*1*PEGRAM*CASEY*E***MI*1077485~NM1*82*2*LINARES, DAVID*****XX*1699008045~REF*1W*1077485~REF*1J*E824169~SVC*HC:AEA:60*-85*-85~DTM*472*20210620~REF*6R*002~AMT*B6*-85~CLP*0*4*85*0**13*06   062421 08010 00010*11~NM1*QC*1*PEGRAM*CASEY*E***MI*1077485~NM1*IL*1*PEGRAM*CASEY*E***MI*1077485~NM1*82*2*LINARES, DAVID*****XX*1699008045~REF*1W*1077485~REF*1J*E824169~SVC*HC:AEA:60*85*0~DTM*472*20210620~CAS*CO*125*85~REF*6R*001~LQ*HE*N202~CLP*0*1*85*85**13*06   062521 04065 00296*11~NM1*QC*1*POLLOCK*MICHELLE*I***MI*405883~NM1*IL*1*POLLOCK*MICHELLE*I***MI*405883~NM1*82*2*LINARES, DAVID*****XX*1699008045~REF*1W*405883~REF*1J*E824169~SVC*HC:AEA:60*85*85~DTM*472*20210625~REF*6R*001~AMT*B6*85~SE*65*0004~GE*4*847738728~IEA*1*847738728~