ISA*00*          *00*          *ZZ*330897513      *ZZ*MEDBOSSC       *211026*0716*^*00501*885733775*0*P*:~GS*HP*330897513*MEDBOSSC*20211026*0716*885733775*X*005010X221A1~ST*835*0001~BPR*I*115.5*C*BOP**01*041203824*DA*9600149455*1111113627*000004567*01*124384877*DA*62431XXXX*20211027~TRN*1*2021102713301155*1111113627*000004567~REF*EV*BFT220003440~REF*F2*1333~DTM*405*20211025~N1*PR*UNITEDHEALTHCARE INSURANCE COMPANY*XV*04567~N3*UNITEDHEALTHCARE COMMUNITY   STATE*P.O. BOX 5290~N4*KINGSTON*NY*12402~REF*2U*04567~REF*EO*1111113627~PER*CX*UNITEDHEALTHCARE INSURANCE COMPANY*TE*8889808728~PER*BL*UHC ESOLUTIONS COMMUNITY HEALTHPLAN*EM*AC_EDI_OPS@UHC.COM~N1*PE*SERENITY COUNSELING SERVICES HAWAII LLC*XX*1588011043~N3*94-1261 LUMIKULA ST STE 3U~N4*WAIPAHU*HI*967974087~REF*TJ*812344400~LX*1~TS3*006116310001*02*20211231*2*240~CLP*561-5564*1*120*57.75**MC*21L791728700*02*1~NM1*QC*1*ROBIDOUX*ADRIEL****MI*0001238602~NM1*82*1*LINARES*DAVID*P**MA*XX*1699008045~REF*CE*HI QI NON-DUAL EXPANSION CHIP~DTM*232*20211016~DTM*233*20211016~DTM*050*20211019~AMT*AU*57.75~SVC*HC:90834:95*120*57.75~DTM*472*20211016~CAS*CO*45*62.25~REF*LU*M1~REF*6R*166561-5564~AMT*B6*57.75~CLP*2572204032*1*120*57.75**MC*21L792749100*02*1~NM1*QC*1*VAIESE*FIALANI*E***MI*0000149660~NM1*82*1*FERREIRA*LORI***EDD*XX*1811143126~REF*CE*HI QI NON-DUAL EXPANSION CHIP~DTM*232*20210201~DTM*233*20210201~DTM*050*20211019~AMT*AU*57.75~SVC*HC:90834:95*120*57.75~DTM*472*20210201~CAS*CO*45*62.25~REF*LU*M1~REF*6R*7632572204032~AMT*B6*57.75~SE*48*0001~GE*1*885733775~IEA*1*885733775~