ISA*00*          *00*          *ZZ*330897513      *ZZ*MEDBOSSC       *211023*0856*^*00501*884716290*0*P*:~GS*HP*330897513*MEDBOSSC*20211023*0856*884716290*X*005010X221A1~ST*835*0001~BPR*I*52.4*C*ACH*CCP*01*031202770*DA*8026501176*1841160004*000000000*01*321370765*DA*8102075433*20211026~TRN*1*5479467294VT2*1860813402*000000000~REF*EV*7GW1459CA3~REF*F2*1588011043    R35011021002815~DTM*405*20211021~N1*PR*TRIWEST HEALTHCARE ALLIANCE~N3*PO BOX 42270~N4*PHOENIX*AZ*850802270~PER*CX**TE*8772268749~PER*BL*VA CCN PROVIDER SERVICES*TE*8002590264~PER*IC**UR*WWW.TRIWEST.COM~N1*PE*DAVID LINARES*XX*1588011043~N3*APT 3U*94-1261 LUMIKULA ST~N4*WAIPAHU*HI*96797~REF*TJ*812344400~LX*1~CLP*750-2109*1*120*0**VA*H293X1J9Y0000*11*1~NM1*QC*1*TRAVIS*RUNNELS****MI*758625551~DTM*050*20211020~SVC*HC:90834:95*120*0~DTM*472*20210618~CAS*CO*288*120~REF*6R*217750-2109~LQ*HE*N489~LX*2~CLP*744-3590*1*90*52.4**VA*H293X1J9Z0000*02*1~NM1*QC*1*OWEN*KARL****MI*1028677041V886629~DTM*050*20211020~AMT*AU*52.4~SVC*HC:90832:95*90*52.4~DTM*472*20210806~CAS*CO*45*37.6~REF*6R*218744-3590~AMT*B6*52.4~SE*36*0001~GE*1*884716290~IEA*1*884716290~