ISA*00*          *00*          *ZZ*330897513      *ZZ*MEDBOSSC       *210820*1206*^*00501*863408738*0*P*:~GS*HP*330897513*MEDBOSSC*20210820*1206*863408738*X*005010X221A1~ST*835*0001~BPR*I*255*C*ACH*CCP*01*051404260*DA*252781161*1541414194**01*321370765*DA*8102075433*20210823~TRN*1*0000523710*1541414194~N1*PR*BEACON HEALTH OPTIONS, INC.~N3*ATTN FINANCE DEPT~N4*NORFOLK*VA*23502~REF*2U*FDX~PER*BL*VALUEOPTIONS EDI HELPDESK*TE*8882479311*EM*ESUPPORTSERVICES@VALUEOPTIONS.COM~N1*PE*SERENITY COUNSELING SERVICES H*XX*1699008045~N3*10641 WINDSMONT CT~N4*LEHIGH ACRES*FL*339367268~REF*TJ*812344400~LX*1~CLP*0*1*85*85**13*06   081621 04065 00593*11~NM1*QC*1*GAITHER*ANDREW*J***MI*1102587~NM1*IL*1*GAITHER*ANDREW*J***MI*1102587~NM1*82*2*LINARES, DAVID*****XX*1699008045~REF*1W*1102587~REF*1J*E824169~SVC*HC:AEA:60*85*85~DTM*472*20210816~REF*6R*001~AMT*B6*85~CLP*0*4*60*0**13*06   081621 04065 00225*11~NM1*QC*1*SMELSER*CHRISTIAN*D***MI*178331~NM1*IL*1*SMELSER*CHRISTIAN*D***MI*178331~NM1*82*2*LINARES, DAVID*****XX*1699008045~REF*1W*178331~REF*1J*E824169~SVC*HC:AEA:60*60*0~DTM*472*20210816~CAS*CO*16*60~REF*6R*001~LQ*HE*N54~CLP*0*1*85*85**13*06   081621 04065 00542*11~NM1*QC*1*TOVAR*JOSHUA*L***MI*259492~NM1*IL*1*TOVAR*JOSHUA*L***MI*259492~NM1*82*2*LINARES, DAVID*****XX*1699008045~REF*1W*259492~REF*1J*E824169~SVC*HC:AEA:60*85*85~DTM*472*20210816~REF*6R*001~AMT*B6*85~CLP*0*1*85*85**13*06   081321 04065 00297*11~NM1*QC*1*WORRELL*JAMES****MI*1061422~NM1*IL*1*WORRELL*JAMES****MI*1061422~NM1*82*2*LINARES, DAVID*****XX*1699008045~REF*1W*1061422~REF*1J*E824169~SVC*HC:AEA:60*85*85~DTM*472*20210813~REF*6R*001~AMT*B6*85~SE*55*0001~ST*835*0002~BPR*I*85*C*ACH*CCP*01*051404260*DA*252781161*1541414194**01*321370765*DA*8102075433*20210823~TRN*1*0000523891*1541414194~N1*PR*BEACON HEALTH OPTIONS, INC.~N3*ATTN FINANCE DEPT~N4*NORFOLK*VA*23502~REF*2U*FDX~PER*BL*VALUEOPTIONS EDI HELPDESK*TE*8882479311*EM*ESUPPORTSERVICES@VALUEOPTIONS.COM~N1*PE*SERENITY COUNSELING SERVICES H*XX*1699008045~N3*10641 WINDSMONT CT~N4*LEHIGH ACRES*FL*339367268~REF*TJ*812344400~LX*1~CLP*0*1*85*85**13*06   081621 04065 00489*11~NM1*QC*1*NATOR*ROSE*L***MI*1104614~NM1*IL*1*NATOR*ROSE*L***MI*1104614~NM1*82*2*LINARES, DAVID*****XX*1699008045~REF*1W*1104614~REF*1J*E824169~SVC*HC:AEA:60*85*85~DTM*472*20210816~REF*6R*001~AMT*B6*85~SE*24*0002~ST*835*0003~BPR*I*170*C*ACH*CCP*01*051404260*DA*252781161*1541414194**01*321370765*DA*8102075433*20210823~TRN*1*0000523248*1541414194~N1*PR*BEACON HEALTH OPTIONS, INC.~N3*ATTN FINANCE DEPT~N4*NORFOLK*VA*23502~REF*2U*FDX~PER*BL*VALUEOPTIONS EDI HELPDESK*TE*8882479311*EM*ESUPPORTSERVICES@VALUEOPTIONS.COM~N1*PE*SERENITY COUNSELING SERVICES H*XX*1699008045~N3*10641 WINDSMONT CT~N4*LEHIGH ACRES*FL*339367268~REF*TJ*812344400~LX*1~CLP*0*1*85*85**13*06   081621 04065 00514*11~NM1*QC*1*CORTEZ*MARTIN*D***MI*1134561~NM1*IL*1*CORTEZ*MARTIN*D***MI*1134561~NM1*82*2*LINARES, DAVID*****XX*1699008045~REF*1W*1134561~REF*1J*E824169~SVC*HC:AEA:60*85*85~DTM*472*20210816~REF*6R*001~AMT*B6*85~CLP*0*1*85*85**13*06   081321 04065 00343*11~NM1*QC*1*GUMBS*KISHMA****MI*1132101~NM1*IL*1*GUMBS*KISHMA****MI*1132101~NM1*82*2*LINARES, DAVID*****XX*1699008045~REF*1W*1132101~REF*1J*E824169~SVC*HC:AEA:60*85*85~DTM*472*20210813~REF*6R*001~AMT*B6*85~SE*34*0003~ST*835*0004~BPR*I*170*C*ACH*CCP*01*051404260*DA*252781161*1541414194**01*321370765*DA*8102075433*20210823~TRN*1*0000524134*1541414194~N1*PR*BEACON HEALTH OPTIONS, INC.~N3*ATTN FINANCE DEPT~N4*NORFOLK*VA*23502~REF*2U*FDX~PER*BL*VALUEOPTIONS EDI HELPDESK*TE*8882479311*EM*ESUPPORTSERVICES@VALUEOPTIONS.COM~N1*PE*SERENITY COUNSELING SERVICES H*XX*1699008045~N3*10641 WINDSMONT CT~N4*LEHIGH ACRES*FL*339367268~REF*TJ*812344400~LX*1~CLP*0*4*60*0**13*06   081621 04065 00221*11~NM1*QC*1*CALLOWAY*DELMESHA*S***MI*1114018~NM1*IL*1*CALLOWAY*DELMESHA*S***MI*1114018~NM1*82*2*LINARES, DAVID*****XX*1699008045~REF*1W*1114018~REF*1J*E824169~SVC*HC:AEA:60*60*0~DTM*472*20210625~CAS*CO*16*60~REF*6R*001~LQ*HE*MA113~CLP*0*1*85*85**13*06   081421 04065 00230*11~NM1*QC*1*MATERIALE*KATELYN*N***MI*1124663~NM1*IL*1*MATERIALE*KATELYN*N***MI*1124663~NM1*82*2*LINARES, DAVID*****XX*1699008045~REF*1W*1124663~REF*1J*E824169~SVC*HC:AEA:60*85*85~DTM*472*20210814~REF*6R*001~AMT*B6*85~CLP*0*1*85*85**13*06   081321 04065 00272*11~NM1*QC*1*POLLOCK*MICHELLE*I***MI*405883~NM1*IL*1*POLLOCK*MICHELLE*I***MI*405883~NM1*82*2*LINARES, DAVID*****XX*1699008045~REF*1W*405883~REF*1J*E824169~SVC*HC:AEA:60*85*85~DTM*472*20210813~REF*6R*001~AMT*B6*85~SE*45*0004~GE*4*863408738~IEA*1*863408738~