ISA*00*          *00*          *ZZ*330897513      *ZZ*MEDBOSSC       *210713*0251*^*00501*851004618*0*P*:~GS*HP*330897513*MEDBOSSC*20210713*0251*851004618*X*005010X221A1~ST*835*0001~BPR*I*2464.3*C*ACH*CCP*01*121301015*DA*48070310*1990040115**01*321370765*DA*81020-75433*20210713~TRN*1*1641419*1990040115~REF*F2*5.40~DTM*405*20210708~N1*PR*HAWAII MEDICAL SERVICE ASSOCIATION~N3*818 KEEAUMOKU ST~N4*HONOLULU*HI*96814~PER*BL*ETS*TE*8089486355~N1*PE*SERENITY COUNSELING SERVIC*XX*1588011043~REF*TJ*812344400~LX*1~CLP*825-2133*1*120*0*120*HM*21183E0004179*02~NM1*QC*1*ORA*LORNA*A***MI*XLHR000080976459~NM1*IL*1*ORA*LORNA*A***MI*XLHR000080976459~NM1*74*1*FERGUSON*AARON****C*R000080976459~NM1*82*1*PLAYTER*AILEEN*T***XX*1013394097~REF*CE*YQ~DTM*232*20210618~DTM*233*20210618~DTM*050*20210701~AMT*AU*119.33~SVC*HC:90847:95*120*0~CAS*PR*204*120~REF*6R*057825-2133~AMT*B6*119.33~LQ*HE*N130~CLP*928447451*1*190*0**12*21183E0000057*11~NM1*QC*1*MARTIN*SANDRA****MI*XLPR000080101728~NM1*74*1***L***C*R000080101728~NM1*82*1*FERREIRA*LORI*M***XX*1811143126~REF*CE*754~DTM*232*20210330~DTM*233*20210330~DTM*050*20210701~SVC*HC:90791:95*190*0~CAS*OA*18*190~REF*6R*928848869~LQ*HE*N522~CLP*928530243*1*175*0**12*21183E0000147*11~NM1*QC*1*MARRIA*JULIE****MI*XLPR000082159492~NM1*IL*1*MARRIA*JULIE****MI*XLPR000082159492~NM1*74*1*CHRISTOPHER*CYNTHIA*J***C*R000081560393~NM1*82*1*MATSUMOTO*NATALIA*A***XX*1427398312~REF*CE*819~DTM*232*20210425~DTM*233*20210425~DTM*050*20210701~SVC*HC:90837:95*175*0~CAS*OA*18*175~REF*6R*928992177~LQ*HE*N522~CLP*639-2413*1*120*87.97*12*12*21183E0002800*02~NM1*QC*1*CORREA*MICHELE****MI*XLPR000081874406~NM1*74*1***M***C*R000081874406~NM1*82*1*FERREIRA*LORI*M***XX*1811143126~REF*CE*754~DTM*232*20210518~DTM*233*20210518~DTM*050*20210701~AMT*AU*99.97~SVC*HC:90834:95*120*87.97~CAS*PR*3*12~CAS*CO*45*20.03~REF*6R*611639-2413~AMT*B6*99.97~CLP*639-2421*1*120*87.97*12*12*21183E0003042*02~NM1*QC*1*CORREA*MICHELE****MI*XLPR000081874406~NM1*74*1***M***C*R000081874406~NM1*82*1*FERREIRA*LORI*M***XX*1811143126~REF*CE*754~DTM*232*20210622~DTM*233*20210622~DTM*050*20210701~AMT*AU*99.97~SVC*HC:90834:95*120*87.97~CAS*PR*3*12~CAS*CO*45*20.03~REF*6R*615639-2421~AMT*B6*99.97~CLP*639-2419*1*120*87.97*12*12*21183E0003083*02~NM1*QC*1*CORREA*MICHELE****MI*XLPR000081874406~NM1*74*1***M***C*R000081874406~NM1*82*1*FERREIRA*LORI*M***XX*1811143126~REF*CE*754~DTM*232*20210615~DTM*233*20210615~DTM*050*20210701~AMT*AU*99.97~SVC*HC:90834:95*120*87.97~CAS*PR*3*12~CAS*CO*45*20.03~REF*6R*614639-2419~AMT*B6*99.97~CLP*639-2411*1*120*87.97*12*12*21183E0003086*02~NM1*QC*1*CORREA*MICHELE****MI*XLPR000081874406~NM1*74*1***M***C*R000081874406~NM1*82*1*FERREIRA*LORI*M***XX*1811143126~REF*CE*754~DTM*232*20210511~DTM*233*20210511~DTM*050*20210701~AMT*AU*99.97~SVC*HC:90834:95*120*87.97~CAS*PR*3*12~CAS*CO*45*20.03~REF*6R*610639-2411~AMT*B6*99.97~CLP*12-255*1*120*0**12*21183E0003447*02~NM1*QC*1*CHINEN*REIDE****MI*XLPR000080984982~NM1*IL*1*CHINEN*JAMIE*L***MI*XLPR000080984982~NM1*74*1******C*R000080984982~NM1*82*1*LINARES*DAVID****XX*1699008045~REF*CE*754~DTM*232*20210412~DTM*233*20210412~DTM*050*20210701~SVC*HC:90834:95*120*0~CAS*OA*18*120~REF*6R*97812-255~LQ*HE*N522~CLP*576-217*1*120*0**12*21183E0003503*02~NM1*QC*1*SAGON*NICHOLAS****MI*R000081084022~NM1*74*1***J~NM1*82*1*LINARES*DAVID****XX*1699008045~REF*CE*754~DTM*232*20210411~DTM*233*20210411~DTM*050*20210701~SVC*HC:90834:95*120*0~CAS*OA*18*120~REF*6R*025576-217~LQ*HE*N522~CLP*554-1848*1*120*87.97*12*12*21183E0003600*02~NM1*QC*1*KAWAMOTO*RENEE****MI*R000080509243~NM1*IL*1*KAWAMOTO*RENEE****MI*R000080509243~NM1*74*1**KALEN*M~NM1*82*1*LINARES*DAVID****XX*1699008045~REF*CE*686~DTM*232*20210606~DTM*233*20210606~DTM*050*20210701~AMT*AU*99.97~SVC*HC:90834:95*120*87.97~CAS*PR*3*12~CAS*CO*45*20.03~REF*6R*075554-1848~AMT*B6*99.97~CLP*639-2417*1*120*87.97*12*12*21183E0003643*02~NM1*QC*1*CORREA*MICHELE****MI*XLPR000081874406~NM1*74*1***M***C*R000081874406~NM1*82*1*FERREIRA*LORI*M***XX*1811143126~REF*CE*754~DTM*232*20210608~DTM*233*20210608~DTM*050*20210701~AMT*AU*99.97~SVC*HC:90834:95*120*87.97~CAS*PR*3*12~CAS*CO*45*20.03~REF*6R*613639-2417~AMT*B6*99.97~CLP*710-2009*1*120*87.97*12*12*21183E0003660*02~NM1*QC*1*HANNA*ROXANNE****MI*XLFR000082277062~NM1*82*1*LINARES*DAVID****XX*1699008045~REF*CE*912~DTM*232*20210614~DTM*233*20210614~DTM*050*20210701~AMT*AU*99.97~SVC*HC:90834:95*120*87.97~CAS*PR*3*12~CAS*CO*45*20.03~REF*6R*086710-2009~AMT*B6*99.97~CLP*554-1752*1*120*87.97*12*12*21183E0003826*02~NM1*QC*1*KAWAMOTO*RENEE****MI*R000080509243~NM1*IL*1*KAWAMOTO*RENEE****MI*R000080509243~NM1*74*1**KALEN*M~NM1*82*1*LINARES*DAVID****XX*1699008045~REF*CE*686~DTM*232*20210530~DTM*233*20210530~DTM*050*20210701~AMT*AU*99.97~SVC*HC:90834:95*120*87.97~CAS*PR*3*12~CAS*CO*45*20.03~REF*6R*849554-1752~AMT*B6*99.97~CLP*554-2338*1*120*87.97*12*12*21183E0003895*02~NM1*QC*1*KAWAMOTO*RENEE****MI*R000080509243~NM1*IL*1*KAWAMOTO*RENEE****MI*R000080509243~NM1*74*1**KALEN*M~NM1*82*1*LINARES*DAVID****XX*1699008045~REF*CE*686~DTM*232*20210627~DTM*233*20210627~DTM*050*20210701~AMT*AU*99.97~SVC*HC:90834:95*120*87.97~CAS*PR*3*12~CAS*CO*45*20.03~REF*6R*098554-2338~AMT*B6*99.97~CLP*710-2166*1*120*87.97*12*12*21183E0003959*02~NM1*QC*1*HANNA*ROXANNE****MI*XLFR000082277062~NM1*82*1*LINARES*DAVID****XX*1699008045~REF*CE*912~DTM*232*20210620~DTM*233*20210620~DTM*050*20210701~AMT*AU*99.97~SVC*HC:90834:95*120*87.97~CAS*PR*3*12~CAS*CO*45*20.03~REF*6R*092710-2166~AMT*B6*99.97~CLP*726-2392*1*150*95.39*12*12*21183E0003977*02~NM1*QC*1*MARTIN*SANDRA*SANDI***MI*XLPR000080101728~NM1*74*1***L***C*R000080101728~NM1*82*1*PLAYTER*AILEEN*T***XX*1013394097~REF*CE*754~DTM*232*20210629~DTM*233*20210629~DTM*050*20210701~AMT*AU*107.39~SVC*HC:90837:95*150*95.39~CAS*PR*3*12~CAS*CO*45*42.61~REF*6R*069726-2392~AMT*B6*107.39~CLP*710-2347*1*120*87.97*12*12*21183E0004054*02~NM1*QC*1*HANNA*ROXANNE****MI*XLFR000082277062~NM1*82*1*LINARES*DAVID****XX*1699008045~REF*CE*912~DTM*232*20210627~DTM*233*20210627~DTM*050*20210701~AMT*AU*99.97~SVC*HC:90834:95*120*87.97~CAS*PR*3*12~CAS*CO*45*20.03~REF*6R*100710-2347~AMT*B6*99.97~CLP*710-1779*1*120*87.97*12*12*21183E0004067*02~NM1*QC*1*HANNA*ROXANNE****MI*XLFR000082277062~NM1*82*1*LINARES*DAVID****XX*1699008045~REF*CE*912~DTM*232*20210531~DTM*233*20210531~DTM*050*20210701~AMT*AU*99.97~SVC*HC:90834:95*120*87.97~CAS*PR*3*12~CAS*CO*45*20.03~REF*6R*854710-1779~AMT*B6*99.97~CLP*710-1919*1*120*87.97*12*12*21183E0004119*02~NM1*QC*1*HANNA*ROXANNE****MI*XLFR000082277062~NM1*82*1*LINARES*DAVID****XX*1699008045~REF*CE*912~DTM*232*20210607~DTM*233*20210607~DTM*050*20210701~AMT*AU*99.97~SVC*HC:90834:95*120*87.97~CAS*PR*3*12~CAS*CO*45*20.03~REF*6R*081710-1919~AMT*B6*99.97~CLP*554-1989*1*120*87.97*12*12*21183E0004342*02~NM1*QC*1*KAWAMOTO*RENEE****MI*R000080509243~NM1*IL*1*KAWAMOTO*RENEE****MI*R000080509243~NM1*74*1**KALEN*M~NM1*82*1*LINARES*DAVID****XX*1699008045~REF*CE*686~DTM*232*20210613~DTM*233*20210613~DTM*050*20210701~AMT*AU*99.97~SVC*HC:90834:95*120*87.97~CAS*PR*3*12~CAS*CO*45*20.03~REF*6R*084554-1989~AMT*B6*99.97~CLP*726-2027*1*150*95.39*12*12*21183E0004389*02~NM1*QC*1*MARTIN*SANDRA*SANDI***MI*XLPR000080101728~NM1*74*1***L***C*R000080101728~NM1*82*1*PLAYTER*AILEEN*T***XX*1013394097~REF*CE*754~DTM*232*20210615~DTM*233*20210615~DTM*050*20210701~AMT*AU*107.39~SVC*HC:90837:95*150*95.39~CAS*PR*3*12~CAS*CO*45*42.61~REF*6R*048726-2027~AMT*B6*107.39~CLP*554-295*1*220*0**12*21183E0004411*02~NM1*QC*1*KAWAMOTO*RENEE****MI*R000080509243~NM1*IL*1*KAWAMOTO*RENEE****MI*R000080509243~NM1*74*1**KALEN*M~NM1*82*1*LINARES*DAVID****XX*1699008045~REF*CE*686~DTM*232*20210412~DTM*233*20210412~DTM*050*20210701~SVC*HC:90792:95*220*0~CAS*OA*18*220~REF*6R*980554-295~LQ*HE*N522~CLP*554-2164*1*120*87.97*12*12*21183E0004554*02~NM1*QC*1*KAWAMOTO*RENEE****MI*R000080509243~NM1*IL*1*KAWAMOTO*RENEE****MI*R000080509243~NM1*74*1**KALEN*M~NM1*82*1*LINARES*DAVID****XX*1699008045~REF*CE*686~DTM*232*20210620~DTM*233*20210620~DTM*050*20210701~AMT*AU*99.97~SVC*HC:90834:95*120*87.97~CAS*PR*3*12~CAS*CO*45*20.03~REF*6R*091554-2164~AMT*B6*99.97~CLP*639-2415*1*120*87.97*12*12*21183E0004573*02~NM1*QC*1*CORREA*MICHELE****MI*XLPR000081874406~NM1*74*1***M***C*R000081874406~NM1*82*1*FERREIRA*LORI*M***XX*1811143126~REF*CE*754~DTM*232*20210601~DTM*233*20210601~DTM*050*20210701~AMT*AU*99.97~SVC*HC:90834:95*120*87.97~CAS*PR*3*12~CAS*CO*45*20.03~REF*6R*612639-2415~AMT*B6*99.97~CLP*877-1834*19*180*116.82*12.98*12*21188E0003326*02~NM1*QC*1*WADA*DASIA****MI*XLRR000083391946~NM1*74*1***J***C*R000083391946~NM1*82*1*LINARES*DAVID****XX*1699008045~NM1*TT*2*HAWAII MEDICAL SERVICE ASSOCIATION*****NI*49948~REF*CE*646~DTM*232*20210605~DTM*233*20210605~DTM*050*20210706~AMT*AU*129.8~SVC*HC:90791:95*180*116.82~CAS*PR*2*12.98~CAS*CO*45*50.2~REF*6R*805820551L882725289~AMT*B6*129.8~CLP*726-2642*1*150*95.39*12*12*21189E0004560*02~NM1*QC*1*MARTIN*SANDRA*SANDI***MI*XLPR000080101728~NM1*74*1***L***C*R000080101728~NM1*82*1*PLAYTER*AILEEN*T***XX*1013394097~REF*CE*754~DTM*232*20210706~DTM*233*20210706~DTM*050*20210707~AMT*AU*107.39~SVC*HC:90837:95*150*95.39~CAS*PR*3*12~CAS*CO*45*42.61~REF*6R*116726-2642~AMT*B6*107.39~CLP*710-2628*1*120*87.97*12*12*21189E0004672*11~NM1*QC*1*HANNA*ROXANNE****MI*XLFR000082277062~NM1*82*1*LINARES*DAVID****XX*1699008045~REF*CE*912~DTM*232*20210705~DTM*233*20210705~DTM*050*20210707~AMT*AU*99.97~SVC*HC:90834:95*120*87.97~CAS*PR*3*12~CAS*CO*45*20.03~REF*6R*541710-2628~AMT*B6*99.97~CLP*720-2101*1*150*107.39**12*21183E0002646*02~NM1*QC*1*NATALIE*OWENS****MI*XLAR000030570758~NM1*IL*1*NATALIE*OWENS****MI*XLAR000030570758~NM1*74*1*OWENS*LAMONT****C*R000030570758~NM1*82*1*PLAYTER*AILEEN*T***XX*1013394097~REF*CE*898~DTM*232*20210618~DTM*233*20210618~DTM*050*20210701~AMT*AU*107.39~SVC*HC:90837:95*150*107.39~CAS*CO*45*42.61~REF*6R*052720-2101~AMT*B6*107.39~CLP*720-2276*1*90*68.13**12*21183E0003498*02~NM1*QC*1*NATALIE*OWENS****MI*XLAR000030570758~NM1*IL*1*NATALIE*OWENS****MI*XLAR000030570758~NM1*74*1*OWENS*LAMONT****C*R000030570758~NM1*82*1*PLAYTER*AILEEN*T***XX*1013394097~REF*CE*898~DTM*232*20210625~DTM*233*20210625~DTM*050*20210701~AMT*AU*68.13~SVC*HC:90832:95*90*68.13~CAS*CO*45*21.87~REF*6R*065720-2276~AMT*B6*68.13~CLP*720-1961*1*150*107.39**12*21183E0003594*02~NM1*QC*1*NATALIE*OWENS****MI*XLAR000030570758~NM1*IL*1*NATALIE*OWENS****MI*XLAR000030570758~NM1*74*1*OWENS*LAMONT****C*R000030570758~NM1*82*1*PLAYTER*AILEEN*T***XX*1013394097~REF*CE*898~DTM*232*20210611~DTM*233*20210611~DTM*050*20210701~AMT*AU*107.39~SVC*HC:90837:95*150*107.39~CAS*CO*45*42.61~REF*6R*038720-1961~AMT*B6*107.39~CLP*720-2000*1*150*107.39**12*21183E0003703*02~NM1*QC*1*NATALIE*OWENS****MI*XLAR000030570758~NM1*IL*1*NATALIE*OWENS****MI*XLAR000030570758~NM1*74*1*OWENS*LAMONT****C*R000030570758~NM1*82*1*PLAYTER*AILEEN*T***XX*1013394097~REF*CE*898~DTM*232*20210614~DTM*233*20210614~DTM*050*20210701~AMT*AU*107.39~SVC*HC:90837:95*150*107.39~CAS*CO*45*42.61~REF*6R*040720-2000~AMT*B6*107.39~CLP*720-2172*1*90*68.13**12*21187E0001965*02~NM1*QC*1*NATALIE*OWENS****MI*XLAR000030570758~NM1*IL*1*NATALIE*OWENS****MI*XLAR000030570758~NM1*74*1*OWENS*LAMONT****C*R000030570758~NM1*82*1*PLAYTER*AILEEN*T***XX*1013394097~REF*CE*898~DTM*232*20210621~DTM*233*20210621~DTM*050*20210705~AMT*AU*68.13~SVC*HC:90832:95*90*68.13~CAS*CO*45*21.87~REF*6R*510720-2172~AMT*B6*68.13~CLP*720-2363*1*150*107.39**12*21187E0002089*02~NM1*QC*1*NATALIE*OWENS****MI*XLAR000030570758~NM1*IL*1*NATALIE*OWENS****MI*XLAR000030570758~NM1*74*1*OWENS*LAMONT****C*R000030570758~NM1*82*1*PLAYTER*AILEEN*T***XX*1013394097~REF*CE*898~DTM*232*20210628~DTM*233*20210628~DTM*050*20210705~AMT*AU*107.39~SVC*HC:90837:95*150*107.39~CAS*CO*45*42.61~REF*6R*315720-2363~AMT*B6*107.39~SE*469*0001~ST*835*0002~BPR*H*0*C*NON************20210713~TRN*1*PCH000003775824*1990040115~REF*F2*5.40~DTM*405*20210708~N1*PR*HAWAII MEDICAL SERVICE ASSOCIATION~N3*818 KEEAUMOKU ST~N4*HONOLULU*HI*96814~PER*BL*ETS*TE*8089486355~N1*PE*SERENITY COUNSELING SERVIC*XX*1588011043~REF*TJ*812344400~LX*1~CLP*731-2185*1*150*0*150*HM*21183E0004216*02~NM1*QC*1*CARINIO*JASON****MI*HFPF000025476797~NM1*74*1***R***C*F000025476797~NM1*82*1*PLAYTER*AILEEN*T***XX*1013394097~REF*CE*087~DTM*232*20210621~DTM*233*20210621~DTM*050*20210701~AMT*AU*112.45~SVC*HC:90837:95*150*0~CAS*PR*204*150~REF*6R*059731-2185~AMT*B6*112.45~LQ*HE*N130~CLP*579-298*1*120*0**HM*21183E0004239*02~NM1*QC*1*MEDEIROS*EDWARD****MI*HFPF000030632301~NM1*74*1***K***C*F000030632301~NM1*82*1*LINARES*DAVID****XX*1699008045~REF*CE*087~DTM*232*20210412~DTM*233*20210412~DTM*050*20210701~SVC*HC:90834:95*120*0~CAS*OA*18*120~REF*6R*027579-298~LQ*HE*N522~CLP*731-2030*1*150*0*150*HM*21183E0004614*02~NM1*QC*1*CARINIO*JASON****MI*HFPF000025476797~NM1*74*1***R***C*F000025476797~NM1*82*1*PLAYTER*AILEEN*T***XX*1013394097~REF*CE*087~DTM*232*20210615~DTM*233*20210615~DTM*050*20210701~AMT*AU*112.45~SVC*HC:90837:95*150*0~CAS*PR*204*150~REF*6R*049731-2030~AMT*B6*112.45~LQ*HE*N130~SE*53*0002~GE*2*851004618~IEA*1*851004618~