ISA*00*          *00*          *ZZ*330897513      *ZZ*MEDBOSSC       *211008*1204*^*00501*879473050*0*P*:~GS*HP*330897513*MEDBOSSC*20211008*1204*879473050*X*005010X221A1~ST*835*0001~BPR*I*425*C*ACH*CCP*01*051404260*DA*252781161*1541414194**01*321370765*DA*8102075433*20211012~TRN*1*0000533505*1541414194~N1*PR*BEACON HEALTH OPTIONS, INC.~N3*ATTN FINANCE DEPT~N4*NORFOLK*VA*23502~REF*2U*FDX~PER*BL*VALUEOPTIONS EDI HELPDESK*TE*8882479311*EM*ESUPPORTSERVICES@VALUEOPTIONS.COM~N1*PE*SERENITY COUNSELING SERVICES H*XX*1699008045~N3*10641 WINDSMONT CT~N4*LEHIGH ACRES*FL*339367268~REF*TJ*812344400~LX*1~CLP*0*1*60*85**13*06   100221 04065 00304*11~NM1*QC*1*AZOCAR*ESTEVAN****MI*1001652~NM1*IL*1*AZOCAR*ESTEVAN****MI*1001652~NM1*82*2*LINARES, DAVID*****XX*1699008045~REF*1W*1001652~REF*1J*E824169~SVC*HC:AEA:60*60*85~DTM*472*20211002~REF*6R*001~AMT*B6*85~CLP*0*1*60*85**13*06   100221 04065 00292*11~NM1*QC*1*CHAN*MONICA*M***MI*833265~NM1*IL*1*CHAN*MONICA*M***MI*833265~NM1*82*2*LINARES, DAVID*****XX*1699008045~REF*1W*833265~REF*1J*E824169~SVC*HC:AEA:60*60*85~DTM*472*20211002~REF*6R*001~AMT*B6*85~CLP*0*1*60*85**13*06   100121 04065 00408*11~NM1*QC*1*LINGLEY*JEREMIAH*E***MI*368612~NM1*IL*1*LINGLEY*JEREMIAH*E***MI*368612~NM1*82*2*LINARES, DAVID*****XX*1699008045~REF*1W*368612~REF*1J*E824169~SVC*HC:AEA:60*60*85~DTM*472*20211001~REF*6R*001~AMT*B6*85~CLP*0*1*60*85**13*06   100221 04065 00290*11~NM1*QC*1*MYLES*BRENT*D***MI*1142707~NM1*IL*1*MYLES*BRENT*D***MI*1142707~NM1*82*2*LINARES, DAVID*****XX*1699008045~REF*1W*1142707~REF*1J*E824169~SVC*HC:AEA:60*60*85~DTM*472*20211002~REF*6R*001~AMT*B6*85~CLP*0*1*60*85**13*06   100121 04065 00392*11~NM1*QC*1*ORAVETZ*LOGAN*S***MI*1149764~NM1*IL*1*ORAVETZ*LOGAN*S***MI*1149764~NM1*82*2*LINARES, DAVID*****XX*1699008045~REF*1W*1149764~REF*1J*E824169~SVC*HC:AEA:60*60*85~DTM*472*20211001~REF*6R*001~AMT*B6*85~SE*64*0001~ST*835*0002~BPR*I*85*C*ACH*CCP*01*051404260*DA*252781161*1541414194**01*321370765*DA*8102075433*20211012~TRN*1*0000534153*1541414194~N1*PR*BEACON HEALTH OPTIONS, INC.~N3*ATTN FINANCE DEPT~N4*NORFOLK*VA*23502~REF*2U*FDX~PER*BL*VALUEOPTIONS EDI HELPDESK*TE*8882479311*EM*ESUPPORTSERVICES@VALUEOPTIONS.COM~N1*PE*SERENITY COUNSELING SERVICES H*XX*1699008045~N3*10641 WINDSMONT CT~N4*LEHIGH ACRES*FL*339367268~REF*TJ*812344400~LX*1~CLP*0*1*60*85**13*06   100421 04065 00423*11~NM1*QC*1*NATOR*ROSE*L***MI*1104614~NM1*IL*1*NATOR*ROSE*L***MI*1104614~NM1*82*2*LINARES, DAVID*****XX*1699008045~REF*1W*1104614~REF*1J*E824169~SVC*HC:AEA:60*60*85~DTM*472*20211004~REF*6R*001~AMT*B6*85~SE*24*0002~ST*835*0003~BPR*I*85*C*ACH*CCP*01*051404260*DA*252781161*1541414194**01*321370765*DA*8102075433*20211012~TRN*1*0000534431*1541414194~N1*PR*BEACON HEALTH OPTIONS, INC.~N3*ATTN FINANCE DEPT~N4*NORFOLK*VA*23502~REF*2U*FDX~PER*BL*VALUEOPTIONS EDI HELPDESK*TE*8882479311*EM*ESUPPORTSERVICES@VALUEOPTIONS.COM~N1*PE*SERENITY COUNSELING SERVICES H*XX*1699008045~N3*10641 WINDSMONT CT~N4*LEHIGH ACRES*FL*339367268~REF*TJ*812344400~LX*1~CLP*0*1*60*85**13*06   100221 04065 00249*11~NM1*QC*1*WELLER*JEFFREY*W***MI*1143611~NM1*IL*1*WELLER*JEFFREY*W***MI*1143611~NM1*82*2*LINARES, DAVID*****XX*1699008045~REF*1W*1143611~REF*1J*E824169~SVC*HC:AEA:60*60*85~DTM*472*20211002~REF*6R*001~AMT*B6*85~SE*24*0003~GE*3*879473050~IEA*1*879473050~