ISA*00*          *00*          *ZZ*330897513      *ZZ*MEDBOSSC       *211104*0720*^*00501*888810722*0*P*:~GS*HP*330897513*MEDBOSSC*20211104*0720*888810722*X*005010X221A1~ST*835*0001~BPR*I*118.93*C*ACH*CCP*01*043301627*DA*1077670664*1571132733*000000000*01*321370765*DA*8102075433*20211105~TRN*1*5071652306TR2*1571132733*000000000~REF*EV*7GW0013CA3~REF*F2*1588011043    R88011102008669~DTM*405*20211102~N1*PR*PGBA,LLC~N3*TRICARE WEST REGION CLAIMS*P.O. BOX 202112~N4*FLORENCE*SC*295022112~PER*CX*TRICARE WEST REGION CLAIMS CORRESPONDENCE*TE*8448669378~PER*BL*TRICARE ELECTRONIC CLAIMS SERVICE CENTER*TE*8003255920~N1*PE*SERENITY COUNSELING SERVICES*XX*1588011043~N3*201*99-149 MOANALUA RD~N4*AIEA*HI*96701~REF*TJ*812344400~LX*1~CLP*2573181697*1*190*118.93**CH*H302X41DN0000*02*1~NM1*QC*1*SEGOVIA GUERRER*ANDREA*C***HN*2573181697~NM1*IL*1*EGIZII*JOHN*E***MI*302966294~DTM*050*20211029~AMT*AU*118.93~SVC*HC:90791:95*190*118.93~DTM*472*20210403~CAS*CO*45*71.07~REF*6R*5972573181697~AMT*B6*118.93~SE*27*0001~GE*1*888810722~IEA*1*888810722~