ISA*00*          *00*          *ZZ*330897513      *ZZ*MEDBOSSC       *210929*0816*^*00501*876243822*0*P*:~GS*HP*330897513*MEDBOSSC*20210929*0816*876243822*X*005010X221A1~ST*835*0001~BPR*H*0*C*NON************20210928~TRN*1*R35010928001839*1860813402*000000000~REF*EV*7GW1459CA3~REF*F2*1588011043    R35010928001839~DTM*405*20210928~N1*PR*TRIWEST HEALTHCARE ALLIANCE~N3*PO BOX 42270~N4*PHOENIX*AZ*850802270~PER*CX**TE*8772268749~PER*BL*VA CCN PROVIDER SERVICES*TE*8889017407~PER*IC**UR*WWW.VACOMMUNITYCARE.COM~N1*PE*DAVID LINARES*XX*1588011043~N3*APT 3U*94-1261 LUMIKULA ST~N4*WAIPAHU*HI*96797~REF*TJ*812344400~LX*1~CLP*750-4793*1*150*0**VA*H270X12NS0000*02*1~NM1*QC*1*TRAVIS*RUNNELS****MI*758625551~DTM*050*20210927~SVC*HC:90837:95*150*0~DTM*472*20210917~CAS*CO*288*150~REF*6R*619750-4793~LQ*HE*N489~SE*26*0001~ST*835*0002~BPR*I*218.25*C*ACH*CCP*01*031202770*DA*8026485161*1841160004*000000000*01*321370765*DA*8102075433*20210930~TRN*1*5452855270VT1*1860813402*000000000~REF*EV*7GW1459CA3~REF*F2*1588011043    R35010927002106~DTM*405*20210927~N1*PR*TRIWEST HEALTHCARE ALLIANCE~N3*PO BOX 42270~N4*PHOENIX*AZ*850802270~PER*CX**TE*8772268749~PER*BL*VA CCN PROVIDER SERVICES*TE*8889017407~PER*IC**UR*WWW.VACOMMUNITYCARE.COM~N1*PE*DAVID LINARES*XX*1588011043~N3*APT 3U*94-1261 LUMIKULA ST~N4*WAIPAHU*HI*96797~REF*TJ*812344400~LX*1~CLP*596-4204*1*120*79.51**VA*H265X1LSF0000*11*1~NM1*QC*1*RODRIGUEZFRANK*RICARDO*M***MI*1023542335V674991~DTM*050*20210922~AMT*AU*79.51~SVC*HC:90834:95*120*79.51~DTM*472*20210827~CAS*CO*45*40.49~REF*6R*814171923L904329332~AMT*B6*79.51~LX*2~CLP*591-4108*1*150*0**VA*H265X1LSG0000*11*1~NM1*QC*1*READ*HOLLIS****MI*634460299~DTM*050*20210922~SVC*HC:90837:95*150*0~DTM*472*20210825~CAS*CO*288*150~REF*6R*814171841L904329132~LQ*HE*N489~LX*3~CLP*591-3546*1*120*0**VA*H265X17DV0000*11*1~NM1*QC*1*READ*HOLLIS****MI*634460299~DTM*050*20210922~SVC*HC:90834:95*120*0~DTM*472*20210802~CAS*CO*288*120~REF*6R*814027990L903962727~LQ*HE*N489~LX*4~CLP*591-3068*1*120*0**VA*H265X17DW0000*11*1~NM1*QC*1*READ*HOLLIS****MI*634460299~DTM*050*20210922~SVC*HC:90834:95*120*0~DTM*472*20210721~CAS*CO*288*120~REF*6R*814027953L903962649~LQ*HE*N489~LX*5~CLP*591-2838*1*120*0**VA*H265X17DX0000*11*1~NM1*QC*1*READ*HOLLIS****MI*634460299~DTM*050*20210922~SVC*HC:90834:95*120*0~DTM*472*20210630~CAS*CO*288*120~REF*6R*814027795L903962228~LQ*HE*N489~LX*6~CLP*591-2236*1*120*0**VA*H265X17DY0000*11*1~NM1*QC*1*READ*HOLLIS****MI*634460299~DTM*050*20210922~SVC*HC:90834:95*120*0~DTM*472*20210623~CAS*CO*288*120~REF*6R*814027781L903962194~LQ*HE*N489~LX*7~CLP*591-3271*1*120*0**VA*H265X17DZ0000*11*1~NM1*QC*1*READ*HOLLIS****MI*634460299~DTM*050*20210922~SVC*HC:90834:95*120*0~DTM*472*20210728~CAS*CO*288*120~REF*6R*814027975L903962696~LQ*HE*N489~LX*8~CLP*591-2925*1*120*0**VA*H265X17F00000*11*1~NM1*QC*1*READ*HOLLIS****MI*634460299~DTM*050*20210922~SVC*HC:90834:95*120*0~DTM*472*20210714~CAS*CO*288*120~REF*6R*814027908L903962472~LQ*HE*N489~LX*9~CLP*591-2840*1*120*0**VA*H265X17F10000*11*1~NM1*QC*1*READ*HOLLIS****MI*634460299~DTM*050*20210922~SVC*HC:90834:95*120*0~DTM*472*20210707~CAS*CO*288*120~REF*6R*814027805L903962259~LQ*HE*N489~LX*10~CLP*875-2080*1*180*138.74**VA*H265X17F20000*11*1~NM1*QC*1*SPLICHAL*JENNIFER****MI*1014814051V012054~DTM*050*20210922~AMT*AU*138.74~SVC*HC:90791:95*180*138.74~DTM*472*20210616~CAS*CO*45*41.26~REF*6R*814027489L903961510~AMT*B6*138.74~SE*109*0002~GE*2*876243822~IEA*1*876243822~