ISA*00*          *00*          *ZZ*330897513      *ZZ*MEDBOSSC       *210924*1210*^*00501*874701341*0*P*:~GS*HP*330897513*MEDBOSSC*20210924*1210*874701341*X*005010X221A1~ST*835*0001~BPR*I*425*C*ACH*CCP*01*051404260*DA*252781161*1541414194**01*321370765*DA*8102075433*20210927~TRN*1*0000530144*1541414194~N1*PR*BEACON HEALTH OPTIONS, INC.~N3*ATTN FINANCE DEPT~N4*NORFOLK*VA*23502~REF*2U*FDX~PER*BL*VALUEOPTIONS EDI HELPDESK*TE*8882479311*EM*ESUPPORTSERVICES@VALUEOPTIONS.COM~N1*PE*SERENITY COUNSELING SERVICES H*XX*1699008045~N3*10641 WINDSMONT CT~N4*LEHIGH ACRES*FL*339367268~REF*TJ*812344400~LX*1~CLP*0*1*60*85**13*06   092021 04065 00470*11~NM1*QC*1*CORTEZ*MARTIN*D***MI*1134561~NM1*IL*1*CORTEZ*MARTIN*D***MI*1134561~NM1*82*2*LINARES, DAVID*****XX*1699008045~REF*1W*1134561~REF*1J*E824169~SVC*HC:AEA:60*60*85~DTM*472*20210920~REF*6R*001~AMT*B6*85~CLP*0*1*85*85**13*06   091821 04065 00143*11~NM1*QC*1*GUMBS*KISHMA****MI*1132101~NM1*IL*1*GUMBS*KISHMA****MI*1132101~NM1*82*2*LINARES, DAVID*****XX*1699008045~REF*1W*1132101~REF*1J*E824169~SVC*HC:AEA:60*85*85~DTM*472*20210918~REF*6R*001~AMT*B6*85~CLP*0*4*85*0**13*06   091721 04065 00300*11~NM1*QC*1*HANSON*DANE*M***MI*804114~NM1*IL*1*HANSON*DANE*M***MI*804114~NM1*82*2*LINARES, DAVID*****XX*1699008045~REF*1W*804114~REF*1J*E824169~SVC*HC:AEA:60*85*0~DTM*472*20210909~CAS*CO*16*85~REF*6R*001~LQ*HE*N54~CLP*0*1*85*85**13*06   091721 04065 00269*11~NM1*QC*1*LINGLEY*JEREMIAH*E***MI*368612~NM1*IL*1*LINGLEY*JEREMIAH*E***MI*368612~NM1*82*2*LINARES, DAVID*****XX*1699008045~REF*1W*368612~REF*1J*E824169~SVC*HC:AEA:60*85*85~DTM*472*20210917~REF*6R*001~AMT*B6*85~CLP*0*1*60*85**13*06   091821 04065 00220*11~NM1*QC*1*MYLES*BRENT*D***MI*1142707~NM1*IL*1*MYLES*BRENT*D***MI*1142707~NM1*82*2*LINARES, DAVID*****XX*1699008045~REF*1W*1142707~REF*1J*E824169~SVC*HC:AEA:60*60*85~DTM*472*20210918~REF*6R*001~AMT*B6*85~CLP*0*1*85*85**13*06   091721 04065 00363*11~NM1*QC*1*NORMAN*TRISTON*F***MI*1074395~NM1*IL*1*NORMAN*TRISTON*F***MI*1074395~NM1*82*2*LINARES, DAVID*****XX*1699008045~REF*1W*1074395~REF*1J*E824169~SVC*HC:AEA:60*85*85~DTM*472*20210917~REF*6R*001~AMT*B6*85~SE*75*0001~ST*835*0002~BPR*I*85*C*ACH*CCP*01*051404260*DA*252781161*1541414194**01*321370765*DA*8102075433*20210927~TRN*1*0000530751*1541414194~N1*PR*BEACON HEALTH OPTIONS, INC.~N3*ATTN FINANCE DEPT~N4*NORFOLK*VA*23502~REF*2U*FDX~PER*BL*VALUEOPTIONS EDI HELPDESK*TE*8882479311*EM*ESUPPORTSERVICES@VALUEOPTIONS.COM~N1*PE*SERENITY COUNSELING SERVICES H*XX*1699008045~N3*10641 WINDSMONT CT~N4*LEHIGH ACRES*FL*339367268~REF*TJ*812344400~LX*1~CLP*0*1*60*85**13*06   092021 04065 00423*11~NM1*QC*1*NATOR*ROSE*L***MI*1104614~NM1*IL*1*NATOR*ROSE*L***MI*1104614~NM1*82*2*LINARES, DAVID*****XX*1699008045~REF*1W*1104614~REF*1J*E824169~SVC*HC:AEA:60*60*85~DTM*472*20210920~REF*6R*001~AMT*B6*85~SE*24*0002~ST*835*0003~BPR*I*255*C*ACH*CCP*01*051404260*DA*252781161*1541414194**01*321370765*DA*8102075433*20210927~TRN*1*0000530995*1541414194~N1*PR*BEACON HEALTH OPTIONS, INC.~N3*ATTN FINANCE DEPT~N4*NORFOLK*VA*23502~REF*2U*FDX~PER*BL*VALUEOPTIONS EDI HELPDESK*TE*8882479311*EM*ESUPPORTSERVICES@VALUEOPTIONS.COM~N1*PE*SERENITY COUNSELING SERVICES H*XX*1699008045~N3*10641 WINDSMONT CT~N4*LEHIGH ACRES*FL*339367268~REF*TJ*812344400~LX*1~CLP*0*1*60*85**13*06   091821 04065 00239*11~NM1*QC*1*RATHE*BROOKE*J***MI*1123559~NM1*IL*1*RATHE*BROOKE*J***MI*1123559~NM1*82*2*LINARES, DAVID*****XX*1699008045~REF*1W*1123559~REF*1J*E824169~SVC*HC:AEA:60*60*85~DTM*472*20210918~REF*6R*001~AMT*B6*85~CLP*0*1*60*85**13*06   091821 04065 00184*11~NM1*QC*1*SEVILLA*JULIA*L***MI*1130136~NM1*IL*1*SEVILLA*JULIA*L***MI*1130136~NM1*82*2*LINARES, DAVID*****XX*1699008045~REF*1W*1130136~REF*1J*E824169~SVC*HC:AEA:60*60*85~DTM*472*20210918~REF*6R*001~AMT*B6*85~CLP*0*1*60*85**13*06   091821 04065 00216*11~NM1*QC*1*WELLER*JEFFREY*W***MI*1143611~NM1*IL*1*WELLER*JEFFREY*W***MI*1143611~NM1*82*2*LINARES, DAVID*****XX*1699008045~REF*1W*1143611~REF*1J*E824169~SVC*HC:AEA:60*60*85~DTM*472*20210918~REF*6R*001~AMT*B6*85~SE*44*0003~ST*835*0004~BPR*I*85*C*ACH*CCP*01*051404260*DA*252781161*1541414194**01*321370765*DA*8102075433*20210927~TRN*1*0000530589*1541414194~N1*PR*BEACON HEALTH OPTIONS, INC.~N3*ATTN FINANCE DEPT~N4*NORFOLK*VA*23502~REF*2U*FDX~PER*BL*VALUEOPTIONS EDI HELPDESK*TE*8882479311*EM*ESUPPORTSERVICES@VALUEOPTIONS.COM~N1*PE*SERENITY COUNSELING SERVICES H*XX*1699008045~N3*10641 WINDSMONT CT~N4*LEHIGH ACRES*FL*339367268~REF*TJ*812344400~LX*1~CLP*0*1*60*85**13*06   091821 04065 00170*11~NM1*QC*1*KEENAN*ANNA*M***MI*1140803~NM1*IL*1*KEENAN*ANNA*M***MI*1140803~NM1*82*2*LINARES, DAVID*****XX*1699008045~REF*1W*1140803~REF*1J*E824169~SVC*HC:AEA:60*60*85~DTM*472*20210918~REF*6R*001~AMT*B6*85~SE*24*0004~GE*4*874701341~IEA*1*874701341~