ISA*00*          *00*          *ZZ*330897513      *ZZ*MEDBOSSC       *211022*1202*^*00501*884296186*0*P*:~GS*HP*330897513*MEDBOSSC*20211022*1202*884296186*X*005010X221A1~ST*835*0001~BPR*I*85*C*ACH*CCP*01*051404260*DA*252781161*1541414194**01*321370765*DA*8102075433*20211025~TRN*1*0000537392*1541414194~N1*PR*BEACON HEALTH OPTIONS, INC.~N3*ATTN FINANCE DEPT~N4*NORFOLK*VA*23502~REF*2U*FDX~PER*BL*VALUEOPTIONS EDI HELPDESK*TE*8882479311*EM*ESUPPORTSERVICES@VALUEOPTIONS.COM~N1*PE*SERENITY COUNSELING SERVICES H*XX*1699008045~N3*10641 WINDSMONT CT~N4*LEHIGH ACRES*FL*339367268~REF*TJ*812344400~LX*1~CLP*0*1*60*85**13*06   101821 04065 00374*11~NM1*QC*1*NATOR*ROSE*L***MI*1104614~NM1*IL*1*NATOR*ROSE*L***MI*1104614~NM1*82*2*LINARES, DAVID*****XX*1699008045~REF*1W*1104614~REF*1J*E824169~SVC*HC:AEA:60*60*85~DTM*472*20211018~REF*6R*001~AMT*B6*85~SE*24*0001~ST*835*0002~BPR*I*425*C*ACH*CCP*01*051404260*DA*252781161*1541414194**01*321370765*DA*8102075433*20211025~TRN*1*0000536749*1541414194~N1*PR*BEACON HEALTH OPTIONS, INC.~N3*ATTN FINANCE DEPT~N4*NORFOLK*VA*23502~REF*2U*FDX~PER*BL*VALUEOPTIONS EDI HELPDESK*TE*8882479311*EM*ESUPPORTSERVICES@VALUEOPTIONS.COM~N1*PE*SERENITY COUNSELING SERVICES H*XX*1699008045~N3*10641 WINDSMONT CT~N4*LEHIGH ACRES*FL*339367268~REF*TJ*812344400~LX*1~CLP*0*1*60*85**13*06   101621 04065 00287*11~NM1*QC*1*AZOCAR*ESTEVAN****MI*1001652~NM1*IL*1*AZOCAR*ESTEVAN****MI*1001652~NM1*82*2*LINARES, DAVID*****XX*1699008045~REF*1W*1001652~REF*1J*E824169~SVC*HC:AEA:60*60*85~DTM*472*20211016~REF*6R*001~AMT*B6*85~CLP*0*1*60*85**13*06   101621 04065 00243*11~NM1*QC*1*CHAN*MONICA*M***MI*833265~NM1*IL*1*CHAN*MONICA*M***MI*833265~NM1*82*2*LINARES, DAVID*****XX*1699008045~REF*1W*833265~REF*1J*E824169~SVC*HC:AEA:60*60*85~DTM*472*20211016~REF*6R*001~AMT*B6*85~CLP*0*1*60*85**13*06   101521 04065 00429*11~NM1*QC*1*CORTEZ*MARTIN*D***MI*1134561~NM1*IL*1*CORTEZ*MARTIN*D***MI*1134561~NM1*82*2*LINARES, DAVID*****XX*1699008045~REF*1W*1134561~REF*1J*E824169~SVC*HC:AEA:60*60*85~DTM*472*20211015~REF*6R*001~AMT*B6*85~CLP*0*4*60*0**13*06   101621 04065 00285*11~NM1*QC*1*KEY*MACY*C***MI*1154710~NM1*IL*1*KEY*MACY*C***MI*1154710~NM1*82*2*LINARES, DAVID*****XX*1699008045~REF*1W*1154710~REF*1J*E824169~SVC*HC:AEA:60*60*0~DTM*472*20211016~CAS*CO*16*60~REF*6R*001~LQ*HE*N54~CLP*0*1*60*85**13*06   101521 04065 00424*11~NM1*QC*1*LINGLEY*JEREMIAH*E***MI*368612~NM1*IL*1*LINGLEY*JEREMIAH*E***MI*368612~NM1*82*2*LINARES, DAVID*****XX*1699008045~REF*1W*368612~REF*1J*E824169~SVC*HC:AEA:60*60*85~DTM*472*20211015~REF*6R*001~AMT*B6*85~CLP*0*1*60*85**13*06   101621 04065 00280*11~NM1*QC*1*MYLES*BRENT*D***MI*1142707~NM1*IL*1*MYLES*BRENT*D***MI*1142707~NM1*82*2*LINARES, DAVID*****XX*1699008045~REF*1W*1142707~REF*1J*E824169~SVC*HC:AEA:60*60*85~DTM*472*20211016~REF*6R*001~AMT*B6*85~SE*75*0002~ST*835*0003~BPR*I*170*C*ACH*CCP*01*051404260*DA*252781161*1541414194**01*321370765*DA*8102075433*20211025~TRN*1*0000537199*1541414194~N1*PR*BEACON HEALTH OPTIONS, INC.~N3*ATTN FINANCE DEPT~N4*NORFOLK*VA*23502~REF*2U*FDX~PER*BL*VALUEOPTIONS EDI HELPDESK*TE*8882479311*EM*ESUPPORTSERVICES@VALUEOPTIONS.COM~N1*PE*SERENITY COUNSELING SERVICES H*XX*1699008045~N3*10641 WINDSMONT CT~N4*LEHIGH ACRES*FL*339367268~REF*TJ*812344400~LX*1~CLP*0*1*60*85**13*06   101621 04065 00198*11~NM1*QC*1*KEENAN*ANNA*M***MI*1140803~NM1*IL*1*KEENAN*ANNA*M***MI*1140803~NM1*82*2*LINARES, DAVID*****XX*1699008045~REF*1W*1140803~REF*1J*E824169~SVC*HC:AEA:60*60*85~DTM*472*20211016~REF*6R*001~AMT*B6*85~CLP*0*1*60*85**13*06   101621 04065 00222*11~NM1*QC*1*KINEARD*BRIAN*A***MI*1155949~NM1*IL*1*KINEARD*BRIAN*A***MI*1155949~NM1*82*2*LINARES, DAVID*****XX*1699008045~REF*1W*1155949~REF*1J*E824169~SVC*HC:AEA:60*60*85~DTM*472*20211016~REF*6R*001~AMT*B6*85~CLP*0*4*60*0**13*06   101621 04065 00284*11~NM1*QC*1*RAPOSO*SAMANTHA****MI*1146805~NM1*IL*1*RAPOSO*SAMANTHA****MI*1146805~NM1*82*2*LINARES, DAVID*****XX*1699008045~REF*1W*1146805~REF*1J*E824169~SVC*HC:AEA:60*60*0~DTM*472*20211016~CAS*CO*16*60~REF*6R*001~LQ*HE*N54~SE*45*0003~GE*3*884296186~IEA*1*884296186~