ISA*00*          *00*          *ZZ*330897513      *ZZ*MEDBOSSC       *210904*1132*^*00501*868460549*0*P*:~GS*HP*330897513*MEDBOSSC*20210904*1132*868460549*X*005010X221A1~ST*835*0001~BPR*I*58*C*CHK************20210901~TRN*1*174390451*1591031071~REF*EV*330897513~REF*F2*1~DTM*405*20210904~N1*PR*CIGNA HEALTH AND LIFE INSURANCE COMPANY~N3*P. O. BOX 182223~N4*CHATTANOOGA*TN*374227223~PER*BL*EDI HELP DESK*TE*8008103388~N1*PE*SERENITY COUNSELING SVC*XX*1588011043~N3*10641 WINDSMONT CT~N4*LEHIGH ACRES*FL*339360000~REF*TJ*812344400~LX*1~TS3*1588011043*02*20211231*1*120~CLP*665-3991*1*120*58*15*13*8222124390040*11*1~NM1*QC*1*CHOY*LINDSEY*M***MI*U6767521402~NM1*IL*1*CHOY*MILAN****MI*U6767521401~NM1*82*1*FERREIRA*LORI****XX*1811143126~REF*1L*3208576~REF*CE*OPEN ACCESS PLUS~DTM*232*20210728~DTM*233*20210728~DTM*050*20210828~PER*CX*MEMBER SERVICES*TE*8002446224~AMT*AU*73~SVC*HC:90834:95*120*58~CAS*CO*45*47~CAS*PR*3*15~REF*6R*522665-3991~AMT*B6*73~SE*33*0001~GE*1*868460549~IEA*1*868460549~