ISA*00*          *00*          *ZZ*330897513      *ZZ*MEDBOSSC       *211021*0706*^*00501*883908919*0*P*:~GS*HP*330897513*MEDBOSSC*20211021*0706*883908919*X*005010X221A1~ST*835*0001~BPR*I*103.96*C*ACH*CCP*01*043301627*DA*1077670664*1571132733*000000000*01*321370765*DA*8102075433*20211022~TRN*1*5042166292TR2*1571132733*000000000~REF*EV*7GW0013CA3~REF*F2*1588011043    R88011019008471~DTM*405*20211019~N1*PR*PGBA,LLC~N3*TRICARE WEST REGION CLAIMS*P.O. BOX 202112~N4*FLORENCE*SC*295022112~PER*CX*TRICARE WEST REGION CLAIMS CORRESPONDENCE*TE*8448669378~PER*BL*TRICARE ELECTRONIC CLAIMS SERVICE CENTER*TE*8003255920~N1*PE*SERENITY COUNSELING SERVICES*XX*1588011043~N3*201*99-149 MOANALUA RD~N4*AIEA*HI*96701~REF*TJ*812344400~LX*1~CLP*2070-5483*1*150*51.98*51.98*CH*H291X3B180000*02*1~NM1*QC*1*MORRIS*JESSICA*D***HN*2070-5483~NM1*IL*1*MORRIS*LUKE*R***MI*623709077~NM1*82*1*PLAYTER*AILEEN*T***XX*1013394097~REF*1H*575843780~DTM*050*20211018~AMT*AU*103.96~SVC*HC:90837:95*150*51.98~DTM*472*20211014~CAS*CO*242*46.04~CAS*PR*2*51.98~REF*6R*9272070-5483~AMT*B6*103.96~LQ*HE*N212~LX*2~CLP*724-5525*1*150*51.98*51.98*CH*H291X3B190000*02*1~NM1*QC*1*MARSI*KATE*D***HN*724-5525~NM1*IL*1*MARSI*RYAN*E***MI*624489057~NM1*82*1*PLAYTER*AILEEN*T***XX*1013394097~REF*1H*575843780~DTM*050*20211018~AMT*AU*103.96~SVC*HC:90837:95*150*51.98~DTM*472*20211015~CAS*CO*242*46.04~CAS*PR*2*51.98~REF*6R*928724-5525~AMT*B6*103.96~LQ*HE*N212~SE*46*0001~GE*1*883908919~IEA*1*883908919~