ISA*00*          *00*          *ZZ*330897513      *ZZ*MEDBOSSC       *210917*1204*^*00501*872363208*0*P*:~GS*HP*330897513*MEDBOSSC*20210917*1204*872363208*X*005010X221A1~ST*835*0001~BPR*I*425*C*ACH*CCP*01*051404260*DA*252781161*1541414194**01*321370765*DA*8102075433*20210920~TRN*1*0000529091*1541414194~N1*PR*BEACON HEALTH OPTIONS, INC.~N3*ATTN FINANCE DEPT~N4*NORFOLK*VA*23502~REF*2U*FDX~PER*BL*VALUEOPTIONS EDI HELPDESK*TE*8882479311*EM*ESUPPORTSERVICES@VALUEOPTIONS.COM~N1*PE*SERENITY COUNSELING SERVICES H*XX*1699008045~N3*10641 WINDSMONT CT~N4*LEHIGH ACRES*FL*339367268~REF*TJ*812344400~LX*1~CLP*0*1*85*85**13*06   091321 04065 00435*11~NM1*QC*1*GAITHER*ANDREW*J***MI*1102587~NM1*IL*1*GAITHER*ANDREW*J***MI*1102587~NM1*82*2*LINARES, DAVID*****XX*1699008045~REF*1W*1102587~REF*1J*E824169~SVC*HC:AEA:60*85*85~DTM*472*20210913~REF*6R*001~AMT*B6*85~CLP*0*1*85*85**13*06   091021 04065 00450*11~NM1*QC*1*KEENAN*ANNA*M***MI*1140803~NM1*IL*1*KEENAN*ANNA*M***MI*1140803~NM1*82*2*LINARES, DAVID*****XX*1699008045~REF*1W*1140803~REF*1J*E824169~SVC*HC:AEA:60*85*85~DTM*472*20210904~REF*6R*001~AMT*B6*85~CLP*0*1*85*85**13*06   091021 04065 00452*11~NM1*QC*1*KEENAN*ANNA*M***MI*1140803~NM1*IL*1*KEENAN*ANNA*M***MI*1140803~NM1*82*2*LINARES, DAVID*****XX*1699008045~REF*1W*1140803~REF*1J*E824169~SVC*HC:AEA:60*85*85~DTM*472*20210910~REF*6R*001~AMT*B6*85~CLP*0*4*60*0**13*06   091021 04065 00489*11~NM1*QC*1*RIGGINS*JESSICA*R***MI*1127754~NM1*IL*1*RIGGINS*JESSICA*R***MI*1127754~NM1*82*2*LINARES, DAVID*****XX*1699008045~REF*1W*1127754~REF*1J*E824169~SVC*HC:AEA:60*60*0~DTM*472*20210910~CAS*CO*16*60~REF*6R*001~LQ*HE*N54~CLP*0*1*85*85**13*06   091121 04065 00193*11~NM1*QC*1*SELF*JEFFREY*T***MI*386917~NM1*IL*1*SELF*JEFFREY*T***MI*386917~NM1*82*2*LINARES, DAVID*****XX*1699008045~REF*1W*386917~REF*1J*E824169~SVC*HC:AEA:60*85*85~DTM*472*20210911~REF*6R*001~AMT*B6*85~CLP*0*1*85*85**13*06   090421 04065 00167*11~NM1*QC*1*TOVAR*JOSHUA*L***MI*259492~NM1*IL*1*TOVAR*JOSHUA*L***MI*259492~NM1*82*2*LINARES, DAVID*****XX*1699008045~REF*1W*259492~REF*1J*E824169~SVC*HC:AEA:60*85*85~DTM*472*20210904~REF*6R*001~AMT*B6*85~SE*75*0001~ST*835*0002~BPR*I*680*C*ACH*CCP*01*051404260*DA*252781161*1541414194**01*321370765*DA*8102075433*20210920~TRN*1*0000528617*1541414194~N1*PR*BEACON HEALTH OPTIONS, INC.~N3*ATTN FINANCE DEPT~N4*NORFOLK*VA*23502~REF*2U*FDX~PER*BL*VALUEOPTIONS EDI HELPDESK*TE*8882479311*EM*ESUPPORTSERVICES@VALUEOPTIONS.COM~N1*PE*SERENITY COUNSELING SERVICES H*XX*1699008045~N3*10641 WINDSMONT CT~N4*LEHIGH ACRES*FL*339367268~REF*TJ*812344400~LX*1~CLP*0*1*85*85**13*06   091421 04065 00017*11~NM1*QC*1*CHAN*MONICA*M***MI*833265~NM1*IL*1*CHAN*MONICA*M***MI*833265~NM1*82*2*LINARES, DAVID*****XX*1699008045~REF*1W*833265~REF*1J*E824169~SVC*HC:AEA:60*85*85~DTM*472*20210913~REF*6R*001~AMT*B6*85~CLP*0*1*85*85**13*06   091021 04065 00338*11~NM1*QC*1*CORTEZ*MARTIN*D***MI*1134561~NM1*IL*1*CORTEZ*MARTIN*D***MI*1134561~NM1*82*2*LINARES, DAVID*****XX*1699008045~REF*1W*1134561~REF*1J*E824169~SVC*HC:AEA:60*85*85~DTM*472*20210910~REF*6R*001~AMT*B6*85~CLP*0*1*85*85**13*06   090321 04065 00318*11~NM1*QC*1*GUMBS*KISHMA****MI*1132101~NM1*IL*1*GUMBS*KISHMA****MI*1132101~NM1*82*2*LINARES, DAVID*****XX*1699008045~REF*1W*1132101~REF*1J*E824169~SVC*HC:AEA:60*85*85~DTM*472*20210903~REF*6R*001~AMT*B6*85~CLP*0*1*85*85**13*06   090321 04065 00315*11~NM1*QC*1*LINGLEY*JEREMIAH*E***MI*368612~NM1*IL*1*LINGLEY*JEREMIAH*E***MI*368612~NM1*82*2*LINARES, DAVID*****XX*1699008045~REF*1W*368612~REF*1J*E824169~SVC*HC:AEA:60*85*85~DTM*472*20210903~REF*6R*001~AMT*B6*85~CLP*0*1*85*85**13*06   090621 04065 00263*11~NM1*QC*1*LINGLEY*JEREMIAH*E***MI*368612~NM1*IL*1*LINGLEY*JEREMIAH*E***MI*368612~NM1*82*2*LINARES, DAVID*****XX*1699008045~REF*1W*368612~REF*1J*E824169~SVC*HC:AEA:60*85*85~DTM*472*20210906~REF*6R*001~AMT*B6*85~CLP*0*1*85*85**13*06   091021 04065 00356*11~NM1*QC*1*LINGLEY*JEREMIAH*E***MI*368612~NM1*IL*1*LINGLEY*JEREMIAH*E***MI*368612~NM1*82*2*LINARES, DAVID*****XX*1699008045~REF*1W*368612~REF*1J*E824169~SVC*HC:AEA:60*85*85~DTM*472*20210910~REF*6R*001~AMT*B6*85~CLP*0*1*85*85**13*06   091321 04065 00366*11~NM1*QC*1*LINGLEY*JEREMIAH*E***MI*368612~NM1*IL*1*LINGLEY*JEREMIAH*E***MI*368612~NM1*82*2*LINARES, DAVID*****XX*1699008045~REF*1W*368612~REF*1J*E824169~SVC*HC:AEA:60*85*85~DTM*472*20210913~REF*6R*001~AMT*B6*85~CLP*0*1*85*85**13*06   091021 04065 00445*11~NM1*QC*1*NORMAN*TRISTON*F***MI*1074395~NM1*IL*1*NORMAN*TRISTON*F***MI*1074395~NM1*82*2*LINARES, DAVID*****XX*1699008045~REF*1W*1074395~REF*1J*E824169~SVC*HC:AEA:60*85*85~DTM*472*20210910~REF*6R*001~AMT*B6*85~SE*94*0002~ST*835*0003~BPR*I*340*C*ACH*CCP*01*051404260*DA*252781161*1541414194**01*321370765*DA*8102075433*20210920~TRN*1*0000529537*1541414194~N1*PR*BEACON HEALTH OPTIONS, INC.~N3*ATTN FINANCE DEPT~N4*NORFOLK*VA*23502~REF*2U*FDX~PER*BL*VALUEOPTIONS EDI HELPDESK*TE*8882479311*EM*ESUPPORTSERVICES@VALUEOPTIONS.COM~N1*PE*SERENITY COUNSELING SERVICES H*XX*1699008045~N3*10641 WINDSMONT CT~N4*LEHIGH ACRES*FL*339367268~REF*TJ*812344400~LX*1~CLP*0*1*85*85**13*06   091121 04065 00173*11~NM1*QC*1*MATERIALE*KATELYN*N***MI*1124663~NM1*IL*1*MATERIALE*KATELYN*N***MI*1124663~NM1*82*2*LINARES, DAVID*****XX*1699008045~REF*1W*1124663~REF*1J*E824169~SVC*HC:AEA:60*85*85~DTM*472*20210911~REF*6R*001~AMT*B6*85~CLP*0*1*85*85**13*06   091121 04065 00124*11~NM1*QC*1*SEVILLA*JULIA*L***MI*1130136~NM1*IL*1*SEVILLA*JULIA*L***MI*1130136~NM1*82*2*LINARES, DAVID*****XX*1699008045~REF*1W*1130136~REF*1J*E824169~SVC*HC:AEA:60*85*85~DTM*472*20210911~REF*6R*001~AMT*B6*85~CLP*0*1*85*85**13*06   090421 04065 00194*11~NM1*QC*1*WELLER*JEFFREY*W***MI*1143611~NM1*IL*1*WELLER*JEFFREY*W***MI*1143611~NM1*82*2*LINARES, DAVID*****XX*1699008045~REF*1W*1143611~REF*1J*E824169~SVC*HC:AEA:60*85*85~DTM*472*20210904~REF*6R*001~AMT*B6*85~CLP*0*1*85*85**13*06   091121 04065 00165*11~NM1*QC*1*WELLER*JEFFREY*W***MI*1143611~NM1*IL*1*WELLER*JEFFREY*W***MI*1143611~NM1*82*2*LINARES, DAVID*****XX*1699008045~REF*1W*1143611~REF*1J*E824169~SVC*HC:AEA:60*85*85~DTM*472*20210911~REF*6R*001~AMT*B6*85~SE*54*0003~GE*3*872363208~IEA*1*872363208~