ISA*00*          *00*          *ZZ*330897513      *ZZ*MEDBOSSC       *211111*1027*^*00501*891639227*0*P*:~GS*HP*330897513*MEDBOSSC*20211111*1027*891639227*X*005010X221A1~ST*835*0001~BPR*I*103.96*C*ACH*CCP*01*043301627*DA*1077670664*1571132733*000000000*01*321370765*DA*8102075433*20211115~TRN*1*5100108314TR2*1571132733*000000000~REF*EV*7GW0013CA3~REF*F2*1588011043    R88011110003405~DTM*405*20211110~N1*PR*PGBA,LLC~N3*TRICARE WEST REGION CLAIMS*P.O. BOX 202112~N4*FLORENCE*SC*295022112~PER*CX*TRICARE WEST REGION CLAIMS CORRESPONDENCE*TE*8448669378~PER*BL*TRICARE ELECTRONIC CLAIMS SERVICE CENTER*TE*8003255920~N1*PE*SERENITY COUNSELING SERVICES*XX*1588011043~N3*201*99-149 MOANALUA RD~N4*AIEA*HI*96701~REF*TJ*812344400~LX*1~CLP*2034-6317*1*150*51.98*51.98*CH*H313X00JF0000*02*1~NM1*QC*1*REINHARDT*MICHELLE*R***HN*2034-6317~NM1*IL*1*COX*JAMES*R***MI*405355700~NM1*82*1*PLAYTER*AILEEN*T***XX*1013394097~REF*1H*575843780~DTM*050*20211109~AMT*AU*103.96~SVC*HC:90837:95*150*51.98~DTM*472*20211028~CAS*CO*242*46.04~CAS*PR*2*51.98~REF*6R*9602034-6317~AMT*B6*103.96~LQ*HE*N212~LX*2~CLP*620-6349*1*120*0*70.34*CH*H313X2FJN0000*02*1~NM1*QC*1*JOHNSON*MIHO****HN*620-6349~NM1*IL*1*JOHNSON*COREY*S***MI*105566554~NM1*82*1*FERREIRA*LORI****XX*1811143126~REF*1H*576766277~DTM*050*20211109~AMT*AU*70.34~SVC*HC:90834:95*120*0~DTM*472*20210828~CAS*CO*242*49.66~CAS*PR*1*70.34~REF*6R*489620-6349~AMT*B6*70.34~LQ*HE*N212~LX*3~CLP*736-6335*1*150*51.98*51.98*CH*H313X2FJQ0000*02*1~NM1*QC*1*COUTURE*CECILY*E***HN*736-6335~NM1*IL*1*SCOTT*BRENDEN*C***MI*536175447~NM1*82*1*PLAYTER*AILEEN*T***XX*1013394097~REF*1H*575843780~DTM*050*20211109~AMT*AU*103.96~SVC*HC:90837:95*150*51.98~DTM*472*20211104~CAS*CO*242*46.04~CAS*PR*2*51.98~REF*6R*493736-6335~AMT*B6*103.96~LQ*HE*N212~LX*4~CLP*2108-6339*1*150*0*150*CH*H313X2FJR0000*02*1~NM1*QC*1*CRUZ LANDRO*MARIA ESPER****HN*2108-6339~NM1*IL*1*LANDRO*FREDERICK****MI*00340076509~NM1*82*1*PLAYTER*AILEEN*T***XX*1013394097~REF*1H*575843780~DTM*050*20211109~SVC*HC:90837:95*150*0~DTM*472*20211108~CAS*PR*16*150~REF*6R*4942108-6339~LQ*HE*N382~LX*5~CLP*663-6345*1*120*0*70.34*CH*H313X2FM70000*02*1~NM1*QC*1*ORSILLO*JENNIFER*I***HN*663-6345~NM1*IL*1*ORSILLO*ANTHONY*T***MI*618720984~NM1*82*1*FERREIRA*LORI****XX*1811143126~REF*1H*576766277~DTM*050*20211109~AMT*AU*70.34~SVC*HC:90834:95*120*0~DTM*472*20210821~CAS*CO*242*49.66~CAS*PR*1*70.34~REF*6R*498663-6345~AMT*B6*70.34~LQ*HE*N212~SE*88*0001~GE*1*891639227~IEA*1*891639227~