ISA*00*          *00*          *ZZ*330897513      *ZZ*MEDBOSSC       *211027*0831*^*00501*885906803*0*P*:~GS*HP*330897513*MEDBOSSC*20211027*0831*885906803*X*005010X221A1~ST*835*0001~BPR*H*0*C*NON************20211026~TRN*1*R35011026002768*1860813402*000000000~REF*EV*7GW1459CA3~REF*F2*1588011043    R35011026002768~DTM*405*20211026~N1*PR*TRIWEST HEALTHCARE ALLIANCE~N3*PO BOX 42270~N4*PHOENIX*AZ*850802270~PER*CX**TE*8772268749~PER*BL*VA CCN PROVIDER SERVICES*TE*8002590264~PER*IC**UR*WWW.TRIWEST.COM~N1*PE*DAVID LINARES*XX*1588011043~N3*APT 3U*94-1261 LUMIKULA ST~N4*WAIPAHU*HI*96797~REF*TJ*812344400~LX*1~CLP*742-5485*1*150*0**VA*H298X0LZV0000*02*1~NM1*QC*1*ELVENIA*HENRY****MI*1018760076V111339~DTM*050*20211025~SVC*HC:90837*150*0~DTM*472*20211014~CAS*CO*288*150~REF*6R*038742-5485~LQ*HE*N489~SE*26*0001~ST*835*0002~BPR*I*103.95*C*ACH*CCP*01*031202770*DA*8026501176*1841160004*000000000*01*321370765*DA*8102075433*20211028~TRN*1*5490530298VT2*1860813402*000000000~REF*EV*7GW1459CA3~REF*F2*1588011043    R35011025003280~DTM*405*20211025~N1*PR*TRIWEST HEALTHCARE ALLIANCE~N3*PO BOX 42270~N4*PHOENIX*AZ*850802270~PER*CX**TE*8772268749~PER*BL*VA CCN PROVIDER SERVICES*TE*8002590264~PER*IC**UR*WWW.TRIWEST.COM~N1*PE*DAVID LINARES*XX*1588011043~N3*APT 3U*94-1261 LUMIKULA ST~N4*WAIPAHU*HI*96797~REF*TJ*812344400~LX*1~CLP*603-3166*1*150*103.95**VA*H235X29830000*02*1~NM1*QC*1*AYERS*JERAME****MI*1003726487V072972~DTM*050*20210823~AMT*AU*103.95~SVC*HC:90837:95*150*103.95~DTM*472*20210725~CAS*CO*45*46.05~REF*6R*576603-3166~AMT*B6*103.95~LX*2~CLP*555-129*1*120*0**VA*H295X1FTF0000*11*1~NM1*QC*1*PATTERSON*ANTHONY****MI*1043227612V083802~DTM*050*20211022~SVC*HC:90834:95*120*0~DTM*472*20210405~CAS*CO*29*120~REF*6R*178555-129~SE*35*0002~GE*2*885906803~IEA*1*885906803~