ISA*00*          *00*          *ZZ*330897513      *ZZ*MEDBOSSC       *210804*0744*^*00501*858103383*0*P*:~GS*HP*330897513*MEDBOSSC*20210804*0744*858103383*X*005010X221A1~ST*835*0001~BPR*I*10336.03*C*CHK************20210803~TRN*1*0010620718TR1*1571132733~REF*EV*7GW0013CA3~REF*F2*1588011043    R88010803007903~DTM*405*20210803~N1*PR*PGBA,LLC~N3*TRICARE WEST REGION CLAIMS*P.O. BOX 202112~N4*FLORENCE*SC*295022112~PER*CX*TRICARE WEST REGION CLAIMS CORRESPONDENCE*TE*8448669378~PER*BL*TRICARE ELECTRONIC CLAIMS SERVICE CENTER*TE*8003255920~N1*PE*SERENITY COUNSELING SERVICES H*XX*1588011043~N3*SUITE 201*99-149 MOANALUA RD~N4*AIEA*HI*96701~REF*TJ*812344400~LX*1~CLP*706-2018*1*120*78.14**CH*H183X2GXL0000*11*1~NM1*QC*1*GOSWICK*GINA*M***HN*706-2018~NM1*IL*1*GOSWICK*ADAM*J***MI*226576761~NM1*82*1*PLAYTER*AILEEN*T***XX*1013394097~REF*1H*575843780~DTM*050*20210702~AMT*AU*78.14~SVC*HC:90847:95*120*78.14~DTM*472*20210611~CAS*CO*45*41.86~REF*6R*045706-2018~AMT*B6*78.14~LX*2~CLP*744-1963*1*120*0*120*CH*H183X2GXM0000*11*1~NM1*QC*1*OWEN*KARL*O***HN*744-1963~NM1*82*1*PLAYTER*AILEEN*T***XX*1013394097~REF*1H*575843780~DTM*050*20210702~SVC*HC:90834:95*120*0~DTM*472*20210611~CAS*PR*32*120~REF*6R*039744-1963~LQ*HE*N52~LX*3~CLP*706-2118*1*120*78.14**CH*H183X2GXP0000*11*1~NM1*QC*1*GOSWICK*GINA*M***HN*706-2118~NM1*IL*1*GOSWICK*ADAM*J***MI*226576761~NM1*82*1*PLAYTER*AILEEN*T***XX*1013394097~REF*1H*575843780~DTM*050*20210702~AMT*AU*78.14~SVC*HC:90847:95*120*78.14~DTM*472*20210618~CAS*CO*45*41.86~REF*6R*056706-2118~AMT*B6*78.14~LX*4~CLP*742-2112*1*120*0*120*CH*H186X0FJQ0000*11*1~NM1*QC*1*ELVENIA*HENRY*B***HN*742-2112~NM1*82*1*PLAYTER*AILEEN*T***XX*1013394097~REF*1H*575843780~DTM*050*20210705~SVC*HC:90834:95*120*0~DTM*472*20210618~CAS*PR*32*120~REF*6R*805612880L882198940~LQ*HE*N52~LX*5~CLP*742-2014*1*150*0*150*CH*H186X0FJR0000*11*1~NM1*QC*1*ELVENIA*HENRY*B***HN*742-2014~NM1*82*1*PLAYTER*AILEEN*T***XX*1013394097~REF*1H*575843780~DTM*050*20210705~SVC*HC:90837:95*150*0~DTM*472*20210611~CAS*PR*32*150~REF*6R*805612852L882198872~LQ*HE*N52~LX*6~CLP*742-2016*1*120*0*120*CH*H186X0FJS0000*11*1~NM1*QC*1*ELVENIA*HENRY*B***HN*742-2016~NM1*82*1*PLAYTER*AILEEN*T***XX*1013394097~REF*1H*575843780~DTM*050*20210705~SVC*HC:90834:95*120*0~DTM*472*20210611~CAS*PR*32*120~REF*6R*805612874L882198934~LQ*HE*N52~LX*7~CLP*729-2086*1*120*0*120*CH*H187X34M00000*11*1~NM1*QC*1*GOMES*BLAISE*R***HN*729-2086~NM1*82*1*PLAYTER*AILEEN*T***XX*1013394097~REF*1H*575843780~DTM*050*20210706~SVC*HC:90834:95*120*0~DTM*472*20210617~CAS*PR*32*120~REF*6R*805612913L882199006~LQ*HE*N52~LX*8~CLP*928248042*1*190*112.09**CH*H191X04P30000*11*1~NM1*QC*1*ATWATER*ELIZABETH*A***HN*928248042~NM1*IL*1*ATWATER*GRAHAM*D***MI*601788051~NM1*82*1*PLAYTER*AILEEN*T***XX*1013394097~REF*1H*575843780~DTM*050*20210710~AMT*AU*112.09~SVC*HC:90791:95*190*112.09~DTM*472*20201217~CAS*CO*45*77.91~REF*6R*928475586~AMT*B6*112.09~LX*9~CLP*706-2296*1*120*78.14**CH*H200X0MNH0000*11*1~NM1*QC*1*GOSWICK*GINA*M***HN*706-2296~NM1*IL*1*GOSWICK*ADAM*J***MI*226576761~NM1*82*1*PLAYTER*AILEEN*T***XX*1013394097~REF*1H*575843780~DTM*050*20210719~AMT*AU*78.14~SVC*HC:90847:95*120*78.14~DTM*472*20210625~CAS*CO*45*41.86~REF*6R*980706-2296~AMT*B6*78.14~LX*10~CLP*706-2549*1*150*117.6**CH*H200X0MNJ0000*11*1~NM1*QC*1*GOSWICK*GINA*M***HN*706-2549~NM1*IL*1*GOSWICK*ADAM*J***MI*226576761~NM1*82*1*PLAYTER*AILEEN*T***XX*1013394097~REF*1H*575843780~DTM*050*20210719~AMT*AU*117.6~SVC*HC:90837:95*150*117.6~DTM*472*20210702~CAS*CO*45*32.4~REF*6R*985706-2549~AMT*B6*117.6~LX*11~CLP*706-2706*1*120*78.14**CH*H200X0MNL0000*11*1~NM1*QC*1*GOSWICK*GINA*M***HN*706-2706~NM1*IL*1*GOSWICK*ADAM*J***MI*226576761~NM1*82*1*PLAYTER*AILEEN*T***XX*1013394097~REF*1H*575843780~DTM*050*20210719~AMT*AU*78.14~SVC*HC:90847:95*120*78.14~DTM*472*20210709~CAS*CO*45*41.86~REF*6R*993706-2706~AMT*B6*78.14~LX*12~CLP*626-3133*1*120*0*74.9*CH*H207X4HBV0000*02*1~NM1*QC*1*SWINT*CRYSTAL*I***HN*626-3133~NM1*IL*1*SWINT*ALEXANDER*D***MI*245713148~DTM*050*20210726~AMT*AU*74.9~SVC*HC:90846:95*120*0~DTM*472*20210723~CAS*CO*242*45.1~CAS*PR*1*74.9~REF*6R*096626-3133~AMT*B6*74.9~LQ*HE*N212~LX*13~CLP*575-3162*1*120*0*69.18*CH*H207X4HBW0000*02*1~NM1*QC*1*TEASLEY*SHAWN*D***HN*575-3162~NM1*IL*1*TEASLEY*SHAWN*D***MI*168569361~DTM*050*20210726~AMT*AU*69.18~SVC*HC:90834:95*120*0~DTM*472*20210725~CAS*CO*242*50.82~CAS*PR*1*69.18~REF*6R*098575-3162~AMT*B6*69.18~LQ*HE*N212~LX*14~CLP*400-3168*1*120*0*69.18*CH*H207X4HBX0000*02*1~NM1*QC*1*ALEXANDER*SANDRA*A***HN*400-3168~NM1*IL*1*ALEXANDER*TITO*L***MI*463937671~DTM*050*20210726~AMT*AU*69.18~SVC*HC:90834:95*120*0~DTM*472*20210725~CAS*CO*242*50.82~CAS*PR*1*69.18~REF*6R*100400-3168~AMT*B6*69.18~LQ*HE*N212~LX*15~CLP*706-3127*1*120*0*77.54*CH*H207X4H9B0000*02*1~NM1*QC*1*GOSWICK*GINA*M***HN*706-3127~NM1*IL*1*GOSWICK*ADAM*J***MI*226576761~NM1*82*1*PLAYTER*AILEEN*T***XX*1013394097~REF*1H*575843780~DTM*050*20210726~AMT*AU*77.54~SVC*HC:90847:95*120*0~DTM*472*20210723~CAS*CO*45*42.46~CAS*PR*1*77.54~REF*6R*332706-3127~AMT*B6*77.54~LX*16~CLP*620-3203*1*120*0*69.18*CH*H207X4H980000*02*1~NM1*QC*1*JOHNSON*MIHO****HN*620-3203~NM1*IL*1*JOHNSON*COREY*S***MI*105566554~NM1*82*1*FERREIRA*LORI****XX*1811143126~REF*1H*576766277~DTM*050*20210726~AMT*AU*69.18~SVC*HC:90834:95*120*0~DTM*472*20210724~CAS*CO*242*50.82~CAS*PR*1*69.18~REF*6R*323620-3203~AMT*B6*69.18~LQ*HE*N212~LX*17~CLP*663-3207*1*120*69.18**CH*H207X4H990000*02*1~NM1*QC*1*ORSILLO*JENNIFER*I***HN*663-3207~NM1*IL*1*ORSILLO*ANTHONY*T***MI*618720984~NM1*82*1*FERREIRA*LORI****XX*1811143126~REF*1H*576766277~DTM*050*20210726~AMT*AU*69.18~SVC*HC:90834:95*120*69.18~DTM*472*20210703~CAS*CO*45*50.82~REF*6R*326663-3207~AMT*B6*69.18~LX*18~CLP*928649315*1*120*79.64**CH*H208X05GW0000*11*1~NM1*QC*1*NGUYEN*AMBER*N***HN*928649315~NM1*IL*1*NGUYEN*TUAN*A***MI*463733342~NM1*82*1*FERREIRA*LORI****XX*1811143126~REF*1H*576766277~DTM*050*20210727~AMT*AU*79.64~SVC*HC:90834:95*120*79.64~DTM*472*20210408~CAS*CO*45*40.36~REF*6R*9281197698~AMT*B6*79.64~LX*19~CLP*724-3106*1*150*51.18*51.17*CH*H208X53PK0000*02*1~NM1*QC*1*MARSI*KATE*D***HN*724-3106~NM1*IL*1*MARSI*RYAN*E***MI*624489057~NM1*82*1*PLAYTER*AILEEN*T***XX*1013394097~REF*1H*575843780~DTM*050*20210727~AMT*AU*102.35~SVC*HC:90837:95*150*51.18~DTM*472*20210723~CAS*CO*242*47.65~CAS*PR*2*51.17~REF*6R*336724-3106~AMT*B6*102.35~LQ*HE*N212~LX*20~CLP*729-3131*1*120*0*120*CH*H208X540W0000*02*1~NM1*QC*1*GOMES*BLAISE*R***HN*729-3131~NM1*82*1*PLAYTER*AILEEN*T***XX*1013394097~REF*1H*575843780~DTM*050*20210727~SVC*HC:90834:95*120*0~DTM*472*20210723~CAS*PR*32*120~REF*6R*850729-3131~LQ*HE*N52~LX*21~CLP*928448437*1*175*117.6**CH*H209X0WCB0000*11*1~NM1*QC*1*RAUSCHER*JENNIFER*J***HN*928448437~NM1*IL*1*RAUSCHER*MATTHEW*D***MI*180581491~NM1*82*1*PLAYTER*AILEEN*T***XX*1013394097~REF*1H*575843780~DTM*050*20210728~AMT*AU*117.6~SVC*HC:90837:95*175*117.6~DTM*472*20210406~CAS*CO*45*57.4~REF*6R*928850402~AMT*B6*117.6~LX*22~CLP*928452892*1*175*117.6**CH*H209X0WCC0000*11*1~NM1*QC*1*RAUSCHER*JENNIFER*J***HN*928452892~NM1*IL*1*RAUSCHER*MATTHEW*D***MI*180581491~NM1*82*1*PLAYTER*AILEEN*T***XX*1013394097~REF*1H*575843780~DTM*050*20210728~AMT*AU*117.6~SVC*HC:90837:95*175*117.6~DTM*472*20210413~CAS*CO*45*57.4~REF*6R*928857595~AMT*B6*117.6~LX*23~CLP*928488186*1*175*117.6**CH*H209X0WCD0000*11*1~NM1*QC*1*RAUSCHER*JENNIFER*J***HN*928488186~NM1*IL*1*RAUSCHER*MATTHEW*D***MI*180581491~NM1*82*1*PLAYTER*AILEEN*T***XX*1013394097~REF*1H*575843780~DTM*050*20210728~AMT*AU*117.6~SVC*HC:90837:95*175*117.6~DTM*472*20210427~CAS*CO*45*57.4~REF*6R*928919149~AMT*B6*117.6~LX*24~CLP*928495075*1*175*117.6**CH*H209X0WCF0000*11*1~NM1*QC*1*RAUSCHER*JENNIFER*J***HN*928495075~NM1*IL*1*RAUSCHER*MATTHEW*D***MI*180581491~NM1*82*1*PLAYTER*AILEEN*T***XX*1013394097~REF*1H*575843780~DTM*050*20210728~AMT*AU*117.6~SVC*HC:90837:95*175*117.6~DTM*472*20210504~CAS*CO*45*57.4~REF*6R*928930555~AMT*B6*117.6~LX*25~CLP*928543278*1*175*117.6**CH*H209X0WCG0000*11*1~NM1*QC*1*RAUSCHER*JENNIFER*J***HN*928543278~NM1*IL*1*RAUSCHER*MATTHEW*D***MI*180581491~NM1*82*1*PLAYTER*AILEEN*T***XX*1013394097~REF*1H*575843780~DTM*050*20210728~AMT*AU*117.6~SVC*HC:90837:95*175*117.6~DTM*472*20210518~CAS*CO*45*57.4~REF*6R*9281014747~AMT*B6*117.6~LX*26~CLP*928466020*1*175*117.6**CH*H209X0WCH0000*11*1~NM1*QC*1*RAUSCHER*JENNIFER*J***HN*928466020~NM1*IL*1*RAUSCHER*MATTHEW*D***MI*180581491~NM1*82*1*PLAYTER*AILEEN*T***XX*1013394097~REF*1H*575843780~DTM*050*20210728~AMT*AU*117.6~SVC*HC:90837:95*175*117.6~DTM*472*20210420~CAS*CO*45*57.4~REF*6R*928881117~AMT*B6*117.6~LX*27~CLP*928373373*1*175*108.69**CH*H209X0WC20000*11*1~NM1*QC*1*RAUSCHER*JENNIFER*J***HN*928373373~NM1*IL*1*RAUSCHER*MATTHEW*D***MI*180581491~NM1*82*1*PLAYTER*AILEEN*T***XX*1013394097~REF*1H*575843780~DTM*050*20210728~AMT*AU*108.69~SVC*HC:90837:95*175*108.69~DTM*472*20210202~CAS*CO*45*66.31~REF*6R*928718441~AMT*B6*108.69~LX*28~CLP*928387048*1*175*108.69**CH*H209X0WC30000*11*1~NM1*QC*1*RAUSCHER*JENNIFER*J***HN*928387048~NM1*IL*1*RAUSCHER*MATTHEW*D***MI*180581491~NM1*82*1*PLAYTER*AILEEN*T***XX*1013394097~REF*1H*575843780~DTM*050*20210728~AMT*AU*108.69~SVC*HC:90837:95*175*108.69~DTM*472*20210209~CAS*CO*45*66.31~REF*6R*928744589~AMT*B6*108.69~LX*29~CLP*928388660*1*175*108.69**CH*H209X0WC40000*11*1~NM1*QC*1*RAUSCHER*JENNIFER*J***HN*928388660~NM1*IL*1*RAUSCHER*MATTHEW*D***MI*180581491~NM1*82*1*PLAYTER*AILEEN*T***XX*1013394097~REF*1H*575843780~DTM*050*20210728~AMT*AU*108.69~SVC*HC:90837:95*175*108.69~DTM*472*20210216~CAS*CO*45*66.31~REF*6R*928747784~AMT*B6*108.69~LX*30~CLP*928384797*1*175*108.69**CH*H209X0WC50000*11*1~NM1*QC*1*RAUSCHER*JENNIFER*J***HN*928384797~NM1*IL*1*RAUSCHER*MATTHEW*D***MI*180581491~NM1*82*1*PLAYTER*AILEEN*T***XX*1013394097~REF*1H*575843780~DTM*050*20210728~AMT*AU*108.69~SVC*HC:90837:95*175*108.69~DTM*472*20210223~CAS*CO*45*66.31~REF*6R*928740511~AMT*B6*108.69~LX*31~CLP*928392257*1*175*117.6**CH*H209X0WC60000*11*1~NM1*QC*1*RAUSCHER*JENNIFER*J***HN*928392257~NM1*IL*1*RAUSCHER*MATTHEW*D***MI*180581491~NM1*82*1*PLAYTER*AILEEN*T***XX*1013394097~REF*1H*575843780~DTM*050*20210728~AMT*AU*117.6~SVC*HC:90837:95*175*117.6~DTM*472*20210302~CAS*CO*45*57.4~REF*6R*928753814~AMT*B6*117.6~LX*32~CLP*928392885*1*175*117.6**CH*H209X0WC70000*11*1~NM1*QC*1*RAUSCHER*JENNIFER*J***HN*928392885~NM1*IL*1*RAUSCHER*MATTHEW*D***MI*180581491~NM1*82*1*PLAYTER*AILEEN*T***XX*1013394097~REF*1H*575843780~DTM*050*20210728~AMT*AU*117.6~SVC*HC:90837:95*175*117.6~DTM*472*20210309~CAS*CO*45*57.4~REF*6R*928754778~AMT*B6*117.6~LX*33~CLP*928444278*1*175*117.6**CH*H209X0WC80000*11*1~NM1*QC*1*RAUSCHER*JENNIFER*J***HN*928444278~NM1*IL*1*RAUSCHER*MATTHEW*D***MI*180581491~NM1*82*1*PLAYTER*AILEEN*T***XX*1013394097~REF*1H*575843780~DTM*050*20210728~AMT*AU*117.6~SVC*HC:90837:95*175*117.6~DTM*472*20210316~CAS*CO*45*57.4~REF*6R*928843703~AMT*B6*117.6~LX*34~CLP*928447426*1*175*117.6**CH*H209X0WC90000*11*1~NM1*QC*1*RAUSCHER*JENNIFER*J***HN*928447426~NM1*IL*1*RAUSCHER*MATTHEW*D***MI*180581491~NM1*82*1*PLAYTER*AILEEN*T***XX*1013394097~REF*1H*575843780~DTM*050*20210728~AMT*AU*117.6~SVC*HC:90837:95*175*117.6~DTM*472*20210323~CAS*CO*45*57.4~REF*6R*928848828~AMT*B6*117.6~LX*35~CLP*928457466*1*175*117.6**CH*H210X0ZGR0000*11*1~NM1*QC*1*SCHRIMPF*ALICIA*N***HN*928457466~NM1*IL*1*SCHRIMPF*JEREMY*M***MI*614423533~NM1*82*1*PLAYTER*AILEEN*T***XX*1013394097~REF*1H*575843780~DTM*050*20210729~AMT*AU*117.6~SVC*HC:90837:95*175*117.6~DTM*472*20210415~CAS*CO*45*57.4~REF*6R*928865873~AMT*B6*117.6~LX*36~CLP*928462501*1*175*0**CH*H210X0ZGS0000*11*1~NM1*QC*1*MARSI*KATE*D***HN*928462501~NM1*IL*1*MARSI*RYAN*E***MI*624489057~NM1*82*1*PLAYTER*AILEEN*T***XX*1013394097~REF*1H*575843780~DTM*050*20210729~SVC*HC:90837:95*175*0~DTM*472*20210419~CAS*CO*18*175~REF*6R*928874770~LQ*HE*N522~LX*37~CLP*928459356*1*120*79.64**CH*H210X04MQ0000*11*1~NM1*QC*1*ORSILLO*JENNIFER*I***HN*928459356~NM1*IL*1*ORSILLO*ANTHONY*T***MI*618720984~NM1*82*1*FERREIRA*LORI****XX*1811143126~REF*1H*576766277~DTM*050*20210729~AMT*AU*79.64~SVC*HC:90834:95*120*79.64~DTM*472*20210311~CAS*CO*45*40.36~REF*6R*928869196~AMT*B6*79.64~LX*38~CLP*928459345*1*120*79.64**CH*H210X04MS0000*11*1~NM1*QC*1*ORSILLO*JENNIFER*I***HN*928459345~NM1*IL*1*ORSILLO*ANTHONY*T***MI*618720984~NM1*82*1*FERREIRA*LORI****XX*1811143126~REF*1H*576766277~DTM*050*20210729~AMT*AU*79.64~SVC*HC:90834:95*120*79.64~DTM*472*20210325~CAS*CO*45*40.36~REF*6R*928869184~AMT*B6*79.64~LX*39~CLP*873-3264*1*150*0*102.35*CH*H210X4RZB0000*02*1~NM1*QC*1*STEPHENSON*MARIAH*R***HN*873-3264~NM1*IL*1*STEPHENSON*NATHAN*R***MI*305902921~NM1*82*1*PLAYTER*AILEEN*T***XX*1013394097~REF*1H*575843780~DTM*050*20210729~AMT*AU*102.35~SVC*HC:90837:95*150*0~DTM*472*20210727~CAS*CO*242*47.65~CAS*PR*1*102.35~REF*6R*811873-3264~AMT*B6*102.35~LQ*HE*N212~LX*40~CLP*873-3064*1*150*0*102.35*CH*H210X4S380000*02*1~NM1*QC*1*STEPHENSON*MARIAH*R***HN*873-3064~NM1*IL*1*STEPHENSON*NATHAN*R***MI*305902921~NM1*82*1*PLAYTER*AILEEN*T***XX*1013394097~REF*1H*575843780~DTM*050*20210729~AMT*AU*102.35~SVC*HC:90837:95*150*0~DTM*472*20210720~CAS*CO*242*47.65~CAS*PR*1*102.35~REF*6R*820873-3064~AMT*B6*102.35~LQ*HE*N212~LX*41~CLP*724-2533*1*150*102.35**CH*H210402N40000*02*1~NM1*QC*1*MARSI*KATE*D***HN*724-2533~NM1*IL*1*MARSI*RYAN*E***MI*624489057~NM1*82*1*PLAYTER*AILEEN*T***XX*1013394097~REF*1H*575843780~DTM*050*20210729~AMT*AU*102.35~SVC*HC:90837:95*150*102.35~DTM*472*20210702~CAS*CO*45*47.65~AMT*B6*102.35~LX*42~CLP*928452888*1*190*139.87**CH*H2104030W0000*11*1~NM1*QC*1*MARSI*KATE*D***HN*928452888~NM1*IL*1*MARSI*RYAN*E***MI*624489057~NM1*82*1*PLAYTER*AILEEN*T***XX*1013394097~REF*1H*575843780~DTM*050*20210729~AMT*AU*139.87~SVC*HC:90791:95*190*139.87~DTM*472*20210413~CAS*CO*45*50.13~AMT*B6*139.87~LX*43~CLP*928462501*1*175*117.6**CH*H2104032P0000*11*1~NM1*QC*1*MARSI*KATE*D***HN*928462501~NM1*IL*1*MARSI*RYAN*E***MI*624489057~NM1*82*1*PLAYTER*AILEEN*T***XX*1013394097~REF*1H*575843780~DTM*050*20210729~AMT*AU*117.6~SVC*HC:90837:95*175*117.6~DTM*472*20210419~CAS*CO*45*57.4~AMT*B6*117.6~LX*44~CLP*928488176*1*175*117.6**CH*H2104036K0000*11*1~NM1*QC*1*MARSI*KATE*D***HN*928488176~NM1*IL*1*MARSI*RYAN*E***MI*624489057~NM1*82*1*PLAYTER*AILEEN*T***XX*1013394097~REF*1H*575843780~DTM*050*20210729~AMT*AU*117.6~SVC*HC:90837:95*175*117.6~DTM*472*20210426~CAS*CO*45*57.4~AMT*B6*117.6~LX*45~CLP*928543233*1*175*117.6**CH*H2104036L0000*11*1~NM1*QC*1*MARSI*KATE*D***HN*928543233~NM1*IL*1*MARSI*RYAN*E***MI*624489057~NM1*82*1*PLAYTER*AILEEN*T***XX*1013394097~REF*1H*575843780~DTM*050*20210729~AMT*AU*117.6~SVC*HC:90837:95*175*117.6~DTM*472*20210514~CAS*CO*45*57.4~AMT*B6*117.6~LX*46~CLP*928530267*1*175*117.6**CH*H2104036M0000*11*1~NM1*QC*1*MARSI*KATE*D***HN*928530267~NM1*IL*1*MARSI*RYAN*E***MI*624489057~NM1*82*1*PLAYTER*AILEEN*T***XX*1013394097~REF*1H*575843780~DTM*050*20210729~AMT*AU*117.6~SVC*HC:90837:95*175*117.6~DTM*472*20210520~CAS*CO*45*57.4~AMT*B6*117.6~LX*47~CLP*928543339*1*175*117.6**CH*H2104036Q0000*11*1~NM1*QC*1*MARSI*KATE*D***HN*928543339~NM1*IL*1*MARSI*RYAN*E***MI*624489057~NM1*82*1*PLAYTER*AILEEN*T***XX*1013394097~REF*1H*575843780~DTM*050*20210729~AMT*AU*117.6~SVC*HC:90837:95*175*117.6~DTM*472*20210528~CAS*CO*45*57.4~AMT*B6*117.6~LX*48~CLP*724-2021*1*120*79.64**CH*H2104037C0000*11*1~NM1*QC*1*MARSI*KATE*D***HN*724-2021~NM1*IL*1*MARSI*RYAN*E***MI*624489057~NM1*82*1*PLAYTER*AILEEN*T***XX*1013394097~REF*1H*575843780~DTM*050*20210729~AMT*AU*79.64~SVC*HC:90834:95*120*79.64~DTM*472*20210611~CAS*CO*45*40.36~AMT*B6*79.64~LX*49~CLP*724-2102*1*150*117.6**CH*H2104037G0000*11*1~NM1*QC*1*MARSI*KATE*D***HN*724-2102~NM1*IL*1*MARSI*RYAN*E***MI*624489057~NM1*82*1*PLAYTER*AILEEN*T***XX*1013394097~REF*1H*575843780~DTM*050*20210729~AMT*AU*117.6~SVC*HC:90837:95*150*117.6~DTM*472*20210618~CAS*CO*45*32.4~AMT*B6*117.6~LX*50~CLP*724-2277*1*150*102.35**CH*H2104037K0000*02*1~NM1*QC*1*MARSI*KATE*D***HN*724-2277~NM1*IL*1*MARSI*RYAN*E***MI*624489057~NM1*82*1*PLAYTER*AILEEN*T***XX*1013394097~REF*1H*575843780~DTM*050*20210729~AMT*AU*102.35~SVC*HC:90837:95*150*102.35~DTM*472*20210625~CAS*CO*45*47.65~AMT*B6*102.35~LX*51~CLP*724-2671*1*150*102.35**CH*H2104038P0000*02*1~NM1*QC*1*MARSI*KATE*D***HN*724-2671~NM1*IL*1*MARSI*RYAN*E***MI*624489057~NM1*82*1*PLAYTER*AILEEN*T***XX*1013394097~REF*1H*575843780~DTM*050*20210729~AMT*AU*102.35~SVC*HC:90837:95*150*102.35~DTM*472*20210708~CAS*CO*45*47.65~AMT*B6*102.35~LX*52~CLP*724-2948*1*150*51.18*51.17*CH*H2104038Q0000*02*1~NM1*QC*1*MARSI*KATE*D***HN*724-2948~NM1*IL*1*MARSI*RYAN*E***MI*624489057~NM1*82*1*PLAYTER*AILEEN*T***XX*1013394097~REF*1H*575843780~DTM*050*20210729~AMT*AU*102.35~SVC*HC:90837:95*150*51.18~DTM*472*20210716~CAS*CO*242*47.65~CAS*PR*2*51.17~AMT*B6*102.35~LQ*HE*N212~LX*53~CLP*928243038*1*190*112.09**CH*H2114028K0000*11*1~NM1*QC*1*CASTIGNANI*MICHAEL*M***HN*928243038~NM1*82*1*PLAYTER*AILEEN*T***XX*1013394097~REF*1H*575843780~DTM*050*20210730~AMT*AU*112.09~SVC*HC:90791:95*190*112.09~DTM*472*20201221~CAS*CO*45*77.91~AMT*B6*112.09~LX*54~CLP*717-2876*1*120*77.54**CH*H2114028L0000*02*1~NM1*QC*1*CASTIGNANI*MICHAEL*M***HN*717-2876~NM1*82*1*PLAYTER*AILEEN*T***XX*1013394097~REF*1H*575843780~DTM*050*20210730~AMT*AU*77.54~SVC*HC:90847:95*120*77.54~DTM*472*20210712~CAS*CO*45*42.46~AMT*B6*77.54~LX*55~CLP*717-2611*1*120*77.54**CH*H2114028M0000*02*1~NM1*QC*1*CASTIGNANI*MICHAEL*M***HN*717-2611~NM1*82*1*PLAYTER*AILEEN*T***XX*1013394097~REF*1H*575843780~DTM*050*20210730~AMT*AU*77.54~SVC*HC:90847:95*120*77.54~DTM*472*20210705~CAS*CO*45*42.46~AMT*B6*77.54~LX*56~CLP*717-2002*1*120*77.54**CH*H2114028N0000*02*1~NM1*QC*1*CASTIGNANI*MICHAEL*M***HN*717-2002~NM1*82*1*PLAYTER*AILEEN*T***XX*1013394097~REF*1H*575843780~DTM*050*20210730~AMT*AU*77.54~SVC*HC:90847:95*120*77.54~DTM*472*20210614~CAS*CO*45*42.46~AMT*B6*77.54~LX*57~CLP*928491634*1*150*78.14**CH*H2114028Q0000*11*1~NM1*QC*1*CASTIGNANI*MICHAEL*M***HN*928491634~NM1*82*1*PLAYTER*AILEEN*T***XX*1013394097~REF*1H*575843780~DTM*050*20210730~AMT*AU*78.14~SVC*HC:90847:95*150*78.14~DTM*472*20210503~CAS*CO*45*71.86~AMT*B6*78.14~LX*58~CLP*928452885*1*150*78.14**CH*H2114028R0000*11*1~NM1*QC*1*CASTIGNANI*MICHAEL*M***HN*928452885~NM1*82*1*PLAYTER*AILEEN*T***XX*1013394097~REF*1H*575843780~DTM*050*20210730~AMT*AU*78.14~SVC*HC:90847:95*150*78.14~DTM*472*20210413~CAS*CO*45*71.86~AMT*B6*78.14~LX*59~CLP*928448460*1*150*0*78.14*CH*H2114028V0000*11*1~NM1*QC*1*CASTIGNANI*MICHAEL*M***HN*928448460~NM1*82*1*PLAYTER*AILEEN*T***XX*1013394097~REF*1H*575843780~DTM*050*20210730~AMT*AU*78.14~SVC*HC:90847:95*150*0~DTM*472*20210405~CAS*CO*45*71.86~CAS*PR*1*78.14~AMT*B6*78.14~LX*60~CLP*928447575*1*150*0*78.14*CH*H2114028W0000*11*1~NM1*QC*1*CASTIGNANI*MICHAEL*M***HN*928447575~NM1*82*1*PLAYTER*AILEEN*T***XX*1013394097~REF*1H*575843780~DTM*050*20210730~AMT*AU*78.14~SVC*HC:90847:95*150*0~DTM*472*20210329~CAS*CO*45*71.86~CAS*PR*1*71.86**3*6.28~AMT*B6*78.14~LX*61~CLP*928447560*1*150*78.14**CH*H2114028X0000*11*1~NM1*QC*1*CASTIGNANI*MICHAEL*M***HN*928447560~NM1*82*1*PLAYTER*AILEEN*T***XX*1013394097~REF*1H*575843780~DTM*050*20210730~AMT*AU*78.14~SVC*HC:90847:95*150*78.14~DTM*472*20210323~CAS*CO*45*71.86~AMT*B6*78.14~LX*62~CLP*928393851*1*150*32.14*46*CH*H2114028Y0000*11*1~NM1*QC*1*CASTIGNANI*MICHAEL*M***HN*928393851~NM1*82*1*PLAYTER*AILEEN*T***XX*1013394097~REF*1H*575843780~DTM*050*20210730~AMT*AU*78.14~SVC*HC:90847:95*150*32.14~DTM*472*20210312~CAS*CO*45*71.86~CAS*PR*3*46~AMT*B6*78.14~LX*63~CLP*928247075*1*120*72.57**CH*H2114029B0000*11*1~NM1*QC*1*CASTIGNANI*MICHAEL*M***HN*928247075~NM1*82*1*PLAYTER*AILEEN*T***XX*1013394097~REF*1H*575843780~DTM*050*20210730~AMT*AU*72.57~SVC*HC:90834:95*120*72.57~DTM*472*20201230~CAS*CO*45*47.43~AMT*B6*72.57~LX*64~CLP*928334496*1*175*108.69**CH*H2114029L0000*11*1~NM1*QC*1*RAUSCHER*JENNIFER*J***HN*928334496~NM1*IL*1*RAUSCHER*MATTHEW*D***MI*180581491~NM1*82*1*PLAYTER*AILEEN*T***XX*1013394097~REF*1H*575843780~DTM*050*20210730~AMT*AU*108.69~SVC*HC:90837:95*175*108.69~DTM*472*20210126~CAS*CO*45*66.31~AMT*B6*108.69~LX*65~CLP*928292103*1*175*108.69**CH*H2114029N0000*11*1~NM1*QC*1*RAUSCHER*JENNIFER*J***HN*928292103~NM1*IL*1*RAUSCHER*MATTHEW*D***MI*180581491~NM1*82*1*PLAYTER*AILEEN*T***XX*1013394097~REF*1H*575843780~DTM*050*20210730~AMT*AU*108.69~SVC*HC:90837:95*175*108.69~DTM*472*20210119~CAS*CO*45*66.31~AMT*B6*108.69~LX*66~CLP*928278073*1*175*108.69**CH*H2114029Q0000*11*1~NM1*QC*1*RAUSCHER*JENNIFER*J***HN*928278073~NM1*IL*1*RAUSCHER*MATTHEW*D***MI*180581491~NM1*82*1*PLAYTER*AILEEN*T***XX*1013394097~REF*1H*575843780~DTM*050*20210730~AMT*AU*108.69~SVC*HC:90837:95*175*108.69~DTM*472*20210112~CAS*CO*45*66.31~AMT*B6*108.69~LX*67~CLP*928277526*1*175*108.69**CH*H2114029R0000*11*1~NM1*QC*1*RAUSCHER*JENNIFER*J***HN*928277526~NM1*IL*1*RAUSCHER*MATTHEW*D***MI*180581491~NM1*82*1*PLAYTER*AILEEN*T***XX*1013394097~REF*1H*575843780~DTM*050*20210730~AMT*AU*108.69~SVC*HC:90837:95*175*108.69~DTM*472*20210105~CAS*CO*45*66.31~AMT*B6*108.69~LX*68~CLP*928244694*1*190*112.09**CH*H2114029T0000*11*1~NM1*QC*1*RAUSCHER*JENNIFER*J***HN*928244694~NM1*IL*1*RAUSCHER*MATTHEW*D***MI*180581491~NM1*82*1*PLAYTER*AILEEN*T***XX*1013394097~REF*1H*575843780~DTM*050*20210730~AMT*AU*112.09~SVC*HC:90791:95*190*112.09~DTM*472*20201229~CAS*CO*45*77.91~AMT*B6*112.09~LX*69~CLP*928374587*1*150*35.41*46*CH*H211402900000*11*1~NM1*QC*1*CASTIGNANI*MICHAEL*M***HN*928374587~NM1*82*1*PLAYTER*AILEEN*T***XX*1013394097~REF*1H*575843780~DTM*050*20210730~AMT*AU*81.41~SVC*HC:90847:95*150*35.41~DTM*472*20210226~CAS*CO*45*68.59~CAS*PR*3*46~AMT*B6*81.41~LX*70~CLP*928388527*1*150*81.41**CH*H211402920000*11*1~NM1*QC*1*CASTIGNANI*MICHAEL*M***HN*928388527~NM1*82*1*PLAYTER*AILEEN*T***XX*1013394097~REF*1H*575843780~DTM*050*20210730~AMT*AU*81.41~SVC*HC:90847:95*150*81.41~DTM*472*20210218~CAS*CO*45*68.59~AMT*B6*81.41~LX*71~CLP*928387394*1*150*81.41**CH*H211402930000*11*1~NM1*QC*1*CASTIGNANI*MICHAEL*M***HN*928387394~NM1*82*1*PLAYTER*AILEEN*T***XX*1013394097~REF*1H*575843780~DTM*050*20210730~AMT*AU*81.41~SVC*HC:90847:95*150*81.41~DTM*472*20210211~CAS*CO*45*68.59~AMT*B6*81.41~LX*72~CLP*928373501*1*175*108.69**CH*H211402940000*11*1~NM1*QC*1*CASTIGNANI*MICHAEL*M***HN*928373501~NM1*82*1*PLAYTER*AILEEN*T***XX*1013394097~REF*1H*575843780~DTM*050*20210730~AMT*AU*108.69~SVC*HC:90837:95*175*108.69~DTM*472*20210204~CAS*CO*45*66.31~AMT*B6*108.69~LX*73~CLP*928333248*1*150*81.41**CH*H211402950000*11*1~NM1*QC*1*CASTIGNANI*MICHAEL*M***HN*928333248~NM1*82*1*PLAYTER*AILEEN*T***XX*1013394097~REF*1H*575843780~DTM*050*20210730~AMT*AU*81.41~SVC*HC:90847:95*150*81.41~DTM*472*20210128~CAS*CO*45*68.59~AMT*B6*81.41~LX*74~CLP*928277543*1*150*81.41**CH*H211402970000*11*1~NM1*QC*1*CASTIGNANI*MICHAEL*M***HN*928277543~NM1*82*1*PLAYTER*AILEEN*T***XX*1013394097~REF*1H*575843780~DTM*050*20210730~AMT*AU*81.41~SVC*HC:90847:95*150*81.41~DTM*472*20210107~CAS*CO*45*68.59~AMT*B6*81.41~LX*75~CLP*928278077*1*150*81.41**CH*H211402980000*11*1~NM1*QC*1*CASTIGNANI*MICHAEL*M***HN*928278077~NM1*82*1*PLAYTER*AILEEN*T***XX*1013394097~REF*1H*575843780~DTM*050*20210730~AMT*AU*81.41~SVC*HC:90847:95*150*81.41~DTM*472*20210114~CAS*CO*45*68.59~AMT*B6*81.41~LX*76~CLP*928392594*1*120*79.64**CH*H212400BC0000*11*1~NM1*QC*1*ORSILLO*JENNIFER*I***HN*928392594~NM1*IL*1*ORSILLO*ANTHONY*T***MI*618720984~NM1*82*1*FERREIRA*LORI****XX*1811143126~REF*1H*576766277~DTM*050*20210731~AMT*AU*79.64~SVC*HC:90834:95*120*79.64~DTM*472*20210304~CAS*CO*45*40.36~AMT*B6*79.64~LX*77~CLP*928381105*1*175*108.69**CH*H212400BH0000*11*1~NM1*QC*1*ORSILLO*JENNIFER*I***HN*928381105~NM1*IL*1*ORSILLO*ANTHONY*T***MI*618720984~NM1*82*1*FERREIRA*LORI****XX*1811143126~REF*1H*576766277~DTM*050*20210731~AMT*AU*108.69~SVC*HC:90837:95*175*108.69~DTM*472*20210228~CAS*CO*45*66.31~AMT*B6*108.69~LX*78~CLP*928333257*1*120*72.57**CH*H212400BL0000*11*1~NM1*QC*1*ORSILLO*JENNIFER*I***HN*928333257~NM1*IL*1*ORSILLO*ANTHONY*T***MI*618720984~NM1*82*1*FERREIRA*LORI****XX*1811143126~REF*1H*576766277~DTM*050*20210731~AMT*AU*72.57~SVC*HC:90834:95*120*72.57~DTM*472*20210128~CAS*CO*45*47.43~AMT*B6*72.57~LX*79~CLP*928292144*1*120*72.57**CH*H212400BP0000*11*1~NM1*QC*1*ORSILLO*JENNIFER*I***HN*928292144~NM1*IL*1*ORSILLO*ANTHONY*T***MI*618720984~NM1*82*1*FERREIRA*LORI****XX*1811143126~REF*1H*576766277~DTM*050*20210731~AMT*AU*72.57~SVC*HC:90834:95*120*72.57~DTM*472*20210121~CAS*CO*45*47.43~AMT*B6*72.57~LX*80~CLP*928278123*1*120*72.57**CH*H212400BR0000*11*1~NM1*QC*1*ORSILLO*JENNIFER*I***HN*928278123~NM1*IL*1*ORSILLO*ANTHONY*T***MI*618720984~NM1*82*1*FERREIRA*LORI****XX*1811143126~REF*1H*576766277~DTM*050*20210731~AMT*AU*72.57~SVC*HC:90834:95*120*72.57~DTM*472*20210107~CAS*CO*45*47.43~AMT*B6*72.57~LX*81~CLP*928278093*1*120*72.57**CH*H212400BS0000*11*1~NM1*QC*1*ORSILLO*JENNIFER*I***HN*928278093~NM1*IL*1*ORSILLO*ANTHONY*T***MI*618720984~NM1*82*1*FERREIRA*LORI****XX*1811143126~REF*1H*576766277~DTM*050*20210731~AMT*AU*72.57~SVC*HC:90834:95*120*72.57~DTM*472*20210103~CAS*CO*45*47.43~AMT*B6*72.57~LX*82~CLP*928248237*1*120*72.57**CH*H212400BT0000*11*1~NM1*QC*1*ORSILLO*JENNIFER*I***HN*928248237~NM1*IL*1*ORSILLO*ANTHONY*T***MI*618720984~NM1*82*1*FERREIRA*LORI****XX*1811143126~REF*1H*576766277~DTM*050*20210731~AMT*AU*72.57~SVC*HC:90834:95*120*72.57~DTM*472*20201224~CAS*CO*45*47.43~AMT*B6*72.57~LX*83~CLP*928248373*1*120*72.57**CH*H212400B10000*11*1~NM1*QC*1*ORSILLO*JENNIFER*I***HN*928248373~NM1*IL*1*ORSILLO*ANTHONY*T***MI*618720984~NM1*82*1*FERREIRA*LORI****XX*1811143126~REF*1H*576766277~DTM*050*20210731~AMT*AU*72.57~SVC*HC:90834:95*120*72.57~DTM*472*20201124~CAS*CO*45*47.43~AMT*B6*72.57~LX*84~CLP*928248419*1*120*72.57**CH*H212400B50000*11*1~NM1*QC*1*ORSILLO*JENNIFER*I***HN*928248419~NM1*IL*1*ORSILLO*ANTHONY*T***MI*618720984~NM1*82*1*FERREIRA*LORI****XX*1811143126~REF*1H*576766277~DTM*050*20210731~AMT*AU*72.57~SVC*HC:90834:95*120*72.57~DTM*472*20201217~CAS*CO*45*47.43~AMT*B6*72.57~LX*85~CLP*928459349*1*120*79.64**CH*H212400B80000*11*1~NM1*QC*1*ORSILLO*JENNIFER*I***HN*928459349~NM1*IL*1*ORSILLO*ANTHONY*T***MI*618720984~NM1*82*1*FERREIRA*LORI****XX*1811143126~REF*1H*576766277~DTM*050*20210731~AMT*AU*79.64~SVC*HC:90834:95*120*79.64~DTM*472*20210318~CAS*CO*45*40.36~AMT*B6*79.64~LX*86~CLP*928149773*1*190*112.09**CH*H2124006K0000*11*1~NM1*QC*1*COUTURE*CECILY*E***HN*928149773~NM1*IL*1*SCOTT*BRENDEN*C***MI*536175447~NM1*82*1*PLAYTER*AILEEN*T***XX*1013394097~REF*1H*575843780~DTM*050*20210731~AMT*AU*112.09~SVC*HC:90791:95*190*112.09~DTM*472*20201103~CAS*CO*45*77.91~AMT*B6*112.09~LX*87~CLP*736-2542*1*150*102.35**CH*H2124006M0000*02*1~NM1*QC*1*COUTURE*CECILY*E***HN*736-2542~NM1*IL*1*SCOTT*BRENDEN*C***MI*536175447~NM1*82*1*PLAYTER*AILEEN*T***XX*1013394097~REF*1H*575843780~DTM*050*20210731~AMT*AU*102.35~SVC*HC:90837:95*150*102.35~DTM*472*20210702~CAS*CO*45*47.65~AMT*B6*102.35~LX*88~CLP*736-2265*1*150*117.6**CH*H2124006N0000*11*1~NM1*QC*1*COUTURE*CECILY*E***HN*736-2265~NM1*IL*1*SCOTT*BRENDEN*C***MI*536175447~NM1*82*1*PLAYTER*AILEEN*T***XX*1013394097~REF*1H*575843780~DTM*050*20210731~AMT*AU*117.6~SVC*HC:90837:95*150*117.6~DTM*472*20210624~CAS*CO*45*32.4~AMT*B6*117.6~LX*89~CLP*736-2087*1*150*117.6**CH*H2124006Q0000*11*1~NM1*QC*1*COUTURE*CECILY*E***HN*736-2087~NM1*IL*1*SCOTT*BRENDEN*C***MI*536175447~NM1*82*1*PLAYTER*AILEEN*T***XX*1013394097~REF*1H*575843780~DTM*050*20210731~AMT*AU*117.6~SVC*HC:90837:95*150*117.6~DTM*472*20210617~CAS*CO*45*32.4~AMT*B6*117.6~LX*90~CLP*736-1943*1*150*117.6**CH*H2124006S0000*11*1~NM1*QC*1*COUTURE*CECILY*E***HN*736-1943~NM1*IL*1*SCOTT*BRENDEN*C***MI*536175447~NM1*82*1*PLAYTER*AILEEN*T***XX*1013394097~REF*1H*575843780~DTM*050*20210731~AMT*AU*117.6~SVC*HC:90837:95*150*117.6~DTM*472*20210610~CAS*CO*45*32.4~AMT*B6*117.6~LX*91~CLP*928530265*1*175*117.6**CH*H2124006Y0000*11*1~NM1*QC*1*COUTURE*CECILY*E***HN*928530265~NM1*IL*1*SCOTT*BRENDEN*C***MI*536175447~NM1*82*1*PLAYTER*AILEEN*T***XX*1013394097~REF*1H*575843780~DTM*050*20210731~AMT*AU*117.6~SVC*HC:90837:95*175*117.6~DTM*472*20210520~CAS*CO*45*57.4~AMT*B6*117.6~LX*92~CLP*928333512*1*175*108.69**CH*H2124007D0000*11*1~NM1*QC*1*COUTURE*CECILY*E***HN*928333512~NM1*IL*1*SCOTT*BRENDEN*C***MI*536175447~NM1*82*1*PLAYTER*AILEEN*T***XX*1013394097~REF*1H*575843780~DTM*050*20210731~AMT*AU*108.69~SVC*HC:90837:95*175*108.69~DTM*472*20210126~CAS*CO*45*66.31~AMT*B6*108.69~LX*93~CLP*928278081*1*120*72.57**CH*H2124007G0000*11*1~NM1*QC*1*COUTURE*CECILY*E***HN*928278081~NM1*IL*1*SCOTT*BRENDEN*C***MI*536175447~NM1*82*1*PLAYTER*AILEEN*T***XX*1013394097~REF*1H*575843780~DTM*050*20210731~AMT*AU*72.57~SVC*HC:90834:95*120*72.57~DTM*472*20210115~CAS*CO*45*47.43~AMT*B6*72.57~LX*94~CLP*928277535*1*120*72.57**CH*H2124007K0000*11*1~NM1*QC*1*COUTURE*CECILY*E***HN*928277535~NM1*IL*1*SCOTT*BRENDEN*C***MI*536175447~NM1*82*1*PLAYTER*AILEEN*T***XX*1013394097~REF*1H*575843780~DTM*050*20210731~AMT*AU*72.57~SVC*HC:90834:95*120*72.57~DTM*472*20210105~CAS*CO*45*47.43~AMT*B6*72.57~LX*95~CLP*928284325*1*120*72.57**CH*H2124007L0000*11*1~NM1*QC*1*COUTURE*CECILY*E***HN*928284325~NM1*IL*1*SCOTT*BRENDEN*C***MI*536175447~NM1*82*1*PLAYTER*AILEEN*T***XX*1013394097~REF*1H*575843780~DTM*050*20210731~AMT*AU*72.57~SVC*HC:90834*120*72.57~DTM*472*20201228~CAS*CO*45*47.43~AMT*B6*72.57~LX*96~CLP*928167762*1*150*81.41**CH*H2124007V0000*11*1~NM1*QC*1*COUTURE*CECILY*E***HN*928167762~NM1*IL*1*SCOTT*BRENDEN*C***MI*536175447~NM1*82*1*PLAYTER*AILEEN*T***XX*1013394097~REF*1H*575843780~DTM*050*20210731~AMT*AU*81.41~SVC*HC:90847:95*150*81.41~DTM*472*20201113~CAS*CO*45*68.59~AMT*B6*81.41~LX*97~CLP*928197401*1*175*108.69**CH*H2124007W0000*11*1~NM1*QC*1*COUTURE*CECILY*E***HN*928197401~NM1*IL*1*SCOTT*BRENDEN*C***MI*536175447~NM1*82*1*PLAYTER*AILEEN*T***XX*1013394097~REF*1H*575843780~DTM*050*20210731~AMT*AU*108.69~SVC*HC:90837:95*175*108.69~DTM*472*20201120~CAS*CO*45*66.31~AMT*B6*108.69~LX*98~CLP*928200811*1*175*108.69**CH*H2124007X0000*11*1~NM1*QC*1*COUTURE*CECILY*E***HN*928200811~NM1*IL*1*SCOTT*BRENDEN*C***MI*536175447~NM1*82*1*PLAYTER*AILEEN*T***XX*1013394097~REF*1H*575843780~DTM*050*20210731~AMT*AU*108.69~SVC*HC:90837:95*175*108.69~DTM*472*20201204~CAS*CO*45*66.31~AMT*B6*108.69~LX*99~CLP*928543257*1*175*117.6**CH*H212400700000*11*1~NM1*QC*1*COUTURE*CECILY*E***HN*928543257~NM1*IL*1*SCOTT*BRENDEN*C***MI*536175447~NM1*82*1*PLAYTER*AILEEN*T***XX*1013394097~REF*1H*575843780~DTM*050*20210731~AMT*AU*117.6~SVC*HC:90837:95*175*117.6~DTM*472*20210513~CAS*CO*45*57.4~AMT*B6*117.6~LX*100~CLP*928491410*1*175*117.6**CH*H212400730000*11*1~NM1*QC*1*COUTURE*CECILY*E***HN*928491410~NM1*IL*1*SCOTT*BRENDEN*C***MI*536175447~NM1*82*1*PLAYTER*AILEEN*T***XX*1013394097~REF*1H*575843780~DTM*050*20210731~AMT*AU*117.6~SVC*HC:90837:95*175*117.6~DTM*472*20210430~CAS*CO*45*57.4~AMT*B6*117.6~LX*101~CLP*928388529*1*175*108.69**CH*H212400740000*11*1~NM1*QC*1*COUTURE*CECILY*E***HN*928388529~NM1*IL*1*SCOTT*BRENDEN*C***MI*536175447~NM1*82*1*PLAYTER*AILEEN*T***XX*1013394097~REF*1H*575843780~DTM*050*20210731~AMT*AU*108.69~SVC*HC:90837:95*175*108.69~DTM*472*20210218~CAS*CO*45*66.31~AMT*B6*108.69~LX*102~CLP*928388087*1*175*108.69**CH*H212400770000*11*1~NM1*QC*1*COUTURE*CECILY*E***HN*928388087~NM1*IL*1*SCOTT*BRENDEN*C***MI*536175447~NM1*82*1*PLAYTER*AILEEN*T***XX*1013394097~REF*1H*575843780~DTM*050*20210731~AMT*AU*108.69~SVC*HC:90837:95*175*108.69~DTM*472*20210212~CAS*CO*45*66.31~AMT*B6*108.69~LX*103~CLP*928373384*1*175*108.69**CH*H212400780000*11*1~NM1*QC*1*COUTURE*CECILY*E***HN*928373384~NM1*IL*1*SCOTT*BRENDEN*C***MI*536175447~NM1*82*1*PLAYTER*AILEEN*T***XX*1013394097~REF*1H*575843780~DTM*050*20210731~AMT*AU*108.69~SVC*HC:90837:95*175*108.69~DTM*472*20210202~CAS*CO*45*66.31~AMT*B6*108.69~LX*104~CLP*664-2494*1*120*69.18**CH*H2124008B0000*02*1~NM1*QC*1*HANTHORN*JESSICA*E***HN*664-2494~NM1*IL*1*HANTHORN*DAVID*G***MI*165682690~NM1*82*1*FERREIRA*LORI****XX*1811143126~REF*1H*576766277~DTM*050*20210731~AMT*AU*69.18~SVC*HC:90834*120*69.18~DTM*472*20210429~CAS*CO*45*50.82~AMT*B6*69.18~LX*105~CLP*928481676*1*150*78.14**CH*H2124008D0000*11*1~NM1*QC*1*HANTHORN*JESSICA*E***HN*928481676~NM1*IL*1*HANTHORN*DAVID*G***MI*165682690~NM1*82*1*FERREIRA*LORI****XX*1811143126~REF*1H*576766277~DTM*050*20210731~AMT*AU*78.14~SVC*HC:90847:95*150*78.14~DTM*472*20210415~CAS*CO*45*71.86~AMT*B6*78.14~LX*106~CLP*928480842*1*150*78.14**CH*H2124008F0000*11*1~NM1*QC*1*HANTHORN*JESSICA*E***HN*928480842~NM1*IL*1*HANTHORN*DAVID*G***MI*165682690~NM1*82*1*FERREIRA*LORI****XX*1811143126~REF*1H*576766277~DTM*050*20210731~AMT*AU*78.14~SVC*HC:90847:95*150*78.14~DTM*472*20210401~CAS*CO*45*71.86~AMT*B6*78.14~LX*107~CLP*928444510*1*120*79.64**CH*H2124008H0000*11*1~NM1*QC*1*HANTHORN*JESSICA*E***HN*928444510~NM1*IL*1*HANTHORN*DAVID*G***MI*165682690~NM1*82*1*FERREIRA*LORI****XX*1811143126~REF*1H*576766277~DTM*050*20210731~AMT*AU*79.64~SVC*HC:90834:95*120*79.64~DTM*472*20210318~CAS*CO*45*40.36~AMT*B6*79.64~LX*108~CLP*928209011*1*150*81.41**CH*H2124008P0000*11*1~NM1*QC*1*HANTHORN*JESSICA*E***HN*928209011~NM1*IL*1*HANTHORN*DAVID*G***MI*165682690~DTM*050*20210731~AMT*AU*81.41~SVC*HC:90847:95*150*81.41~DTM*472*20201203~CAS*CO*45*68.59~AMT*B6*81.41~LX*109~CLP*928444218*1*120*79.64**CH*H2124008S0000*11*1~NM1*QC*1*HANTHORN*JESSICA*E***HN*928444218~NM1*IL*1*HANTHORN*DAVID*G***MI*165682690~NM1*82*1*FERREIRA*LORI****XX*1811143126~REF*1H*576766277~DTM*050*20210731~AMT*AU*79.64~SVC*HC:90834:95*120*79.64~DTM*472*20210304~CAS*CO*45*40.36~AMT*B6*79.64~LX*110~CLP*928388534*1*150*81.41**CH*H2124008T0000*11*1~NM1*QC*1*HANTHORN*JESSICA*E***HN*928388534~NM1*IL*1*HANTHORN*DAVID*G***MI*165682690~NM1*82*1*FERREIRA*LORI****XX*1811143126~REF*1H*576766277~DTM*050*20210731~AMT*AU*81.41~SVC*HC:90847:95*150*81.41~DTM*472*20210218~CAS*CO*45*68.59~AMT*B6*81.41~LX*111~CLP*928373869*1*120*72.57**CH*H2124008X0000*11*1~NM1*QC*1*HANTHORN*JESSICA*E***HN*928373869~NM1*IL*1*HANTHORN*DAVID*G***MI*165682690~NM1*82*1*FERREIRA*LORI****XX*1811143126~REF*1H*576766277~DTM*050*20210731~AMT*AU*72.57~SVC*HC:90834:95*120*72.57~DTM*472*20210204~CAS*CO*45*47.43~AMT*B6*72.57~LX*112~CLP*928335445*1*120*72.57**CH*H2124008Y0000*11*1~NM1*QC*1*HANTHORN*JESSICA*E***HN*928335445~NM1*IL*1*HANTHORN*DAVID*G***MI*165682690~NM1*82*1*FERREIRA*LORI****XX*1811143126~REF*1H*576766277~DTM*050*20210731~AMT*AU*72.57~SVC*HC:90834:95*120*72.57~DTM*472*20210121~CAS*CO*45*47.43~AMT*B6*72.57~LX*113~CLP*928214525*1*120*72.57**CH*H212400810000*11*1~NM1*QC*1*COUTURE*CECILY*E***HN*928214525~NM1*IL*1*SCOTT*BRENDEN*C***MI*536175447~NM1*82*1*PLAYTER*AILEEN*T***XX*1013394097~REF*1H*575843780~DTM*050*20210731~AMT*AU*72.57~SVC*HC:90834:95*120*72.57~DTM*472*20201211~CAS*CO*45*47.43~AMT*B6*72.57~LX*114~CLP*928284404*1*120*72.57**CH*H212400820000*11*1~NM1*QC*1*COUTURE*CECILY*E***HN*928284404~NM1*IL*1*SCOTT*BRENDEN*C***MI*536175447~NM1*82*1*PLAYTER*AILEEN*T***XX*1013394097~REF*1H*575843780~DTM*050*20210731~AMT*AU*72.57~SVC*HC:90834*120*72.57~DTM*472*20201218~CAS*CO*45*47.43~AMT*B6*72.57~LX*115~CLP*664-2498*1*120*79.64**CH*H212400840000*11*1~NM1*QC*1*HANTHORN*JESSICA*E***HN*664-2498~NM1*IL*1*HANTHORN*DAVID*G***MI*165682690~NM1*82*1*FERREIRA*LORI****XX*1811143126~REF*1H*576766277~DTM*050*20210731~AMT*AU*79.64~SVC*HC:90834:95*120*79.64~DTM*472*20210624~CAS*CO*45*40.36~AMT*B6*79.64~LX*116~CLP*664-2496*1*120*79.64**CH*H212400870000*11*1~NM1*QC*1*HANTHORN*JESSICA*E***HN*664-2496~NM1*IL*1*HANTHORN*DAVID*G***MI*165682690~NM1*82*1*FERREIRA*LORI****XX*1811143126~REF*1H*576766277~DTM*050*20210731~AMT*AU*79.64~SVC*HC:90834:95*120*79.64~DTM*472*20210610~CAS*CO*45*40.36~AMT*B6*79.64~LX*117~CLP*663-2476*1*120*79.64**CH*H2124009C0000*11*1~NM1*QC*1*ORSILLO*JENNIFER*I***HN*663-2476~NM1*IL*1*ORSILLO*ANTHONY*T***MI*618720984~NM1*82*1*FERREIRA*LORI****XX*1811143126~REF*1H*576766277~DTM*050*20210731~AMT*AU*79.64~SVC*HC:90834:95*120*79.64~DTM*472*20210603~CAS*CO*45*40.36~AMT*B6*79.64~LX*118~CLP*663-2474*1*120*79.64**CH*H2124009K0000*11*1~NM1*QC*1*ORSILLO*JENNIFER*I***HN*663-2474~NM1*IL*1*ORSILLO*ANTHONY*T***MI*618720984~NM1*82*1*FERREIRA*LORI****XX*1811143126~REF*1H*576766277~DTM*050*20210731~AMT*AU*79.64~SVC*HC:90834:95*120*79.64~DTM*472*20210527~CAS*CO*45*40.36~AMT*B6*79.64~LX*119~CLP*663-2472*1*120*79.64**CH*H2124009M0000*11*1~NM1*QC*1*ORSILLO*JENNIFER*I***HN*663-2472~NM1*IL*1*ORSILLO*ANTHONY*T***MI*618720984~NM1*82*1*FERREIRA*LORI****XX*1811143126~REF*1H*576766277~DTM*050*20210731~AMT*AU*79.64~SVC*HC:90834:95*120*79.64~DTM*472*20210520~CAS*CO*45*40.36~AMT*B6*79.64~LX*120~CLP*663-2470*1*120*79.64**CH*H2124009P0000*11*1~NM1*QC*1*ORSILLO*JENNIFER*I***HN*663-2470~NM1*IL*1*ORSILLO*ANTHONY*T***MI*618720984~NM1*82*1*FERREIRA*LORI****XX*1811143126~REF*1H*576766277~DTM*050*20210731~AMT*AU*79.64~SVC*HC:90834:95*120*79.64~DTM*472*20210512~CAS*CO*45*40.36~AMT*B6*79.64~LX*121~CLP*663-2468*1*120*69.18**CH*H2124009S0000*02*1~NM1*QC*1*ORSILLO*JENNIFER*I***HN*663-2468~NM1*IL*1*ORSILLO*ANTHONY*T***MI*618720984~NM1*82*1*FERREIRA*LORI****XX*1811143126~REF*1H*576766277~DTM*050*20210731~AMT*AU*69.18~SVC*HC:90834*120*69.18~DTM*472*20210429~CAS*CO*45*50.82~AMT*B6*69.18~LX*122~CLP*928459468*1*120*79.64**CH*H2124009T0000*11*1~NM1*QC*1*ORSILLO*JENNIFER*I***HN*928459468~NM1*IL*1*ORSILLO*ANTHONY*T***MI*618720984~NM1*82*1*FERREIRA*LORI****XX*1811143126~REF*1H*576766277~DTM*050*20210731~AMT*AU*79.64~SVC*HC:90834:95*120*79.64~DTM*472*20210415~CAS*CO*45*40.36~AMT*B6*79.64~LX*123~CLP*928459473*1*120*79.64**CH*H2124009W0000*11*1~NM1*QC*1*ORSILLO*JENNIFER*I***HN*928459473~NM1*IL*1*ORSILLO*ANTHONY*T***MI*618720984~NM1*82*1*FERREIRA*LORI****XX*1811143126~REF*1H*576766277~DTM*050*20210731~AMT*AU*79.64~SVC*HC:90834:95*120*79.64~DTM*472*20210408~CAS*CO*45*40.36~AMT*B6*79.64~LX*124~CLP*928387399*1*120*72.57**CH*H2124009X0000*11*1~NM1*QC*1*ORSILLO*JENNIFER*I***HN*928387399~NM1*IL*1*ORSILLO*ANTHONY*T***MI*618720984~NM1*82*1*FERREIRA*LORI****XX*1811143126~REF*1H*576766277~DTM*050*20210731~AMT*AU*72.57~SVC*HC:90834:95*120*72.57~DTM*472*20210211~CAS*CO*45*47.43~AMT*B6*72.57~LX*125~CLP*928388547*1*120*72.57**CH*H2124009Z0000*11*1~NM1*QC*1*ORSILLO*JENNIFER*I***HN*928388547~NM1*IL*1*ORSILLO*ANTHONY*T***MI*618720984~NM1*82*1*FERREIRA*LORI****XX*1811143126~REF*1H*576766277~DTM*050*20210731~AMT*AU*72.57~SVC*HC:90834:95*120*72.57~DTM*472*20210218~CAS*CO*45*47.43~AMT*B6*72.57~LX*126~CLP*663-2480*1*120*79.64**CH*H212400910000*11*1~NM1*QC*1*ORSILLO*JENNIFER*I***HN*663-2480~NM1*IL*1*ORSILLO*ANTHONY*T***MI*618720984~NM1*82*1*FERREIRA*LORI****XX*1811143126~REF*1H*576766277~DTM*050*20210731~AMT*AU*79.64~SVC*HC:90834:95*120*79.64~DTM*472*20210619~CAS*CO*45*40.36~AMT*B6*79.64~LX*127~CLP*663-2478*1*120*79.64**CH*H212400990000*11*1~NM1*QC*1*ORSILLO*JENNIFER*I***HN*663-2478~NM1*IL*1*ORSILLO*ANTHONY*T***MI*618720984~NM1*82*1*FERREIRA*LORI****XX*1811143126~REF*1H*576766277~DTM*050*20210731~AMT*AU*79.64~SVC*HC:90834:95*120*79.64~DTM*472*20210612~CAS*CO*45*40.36~AMT*B6*79.64~LX*128~CLP*928274839*1*120*72.57**CH*H214X00FB0000*11*1~NM1*QC*1*ATWATER*ELIZABETH*A***HN*928274839~NM1*IL*1*ATWATER*GRAHAM*D***MI*601788051~NM1*82*1*PLAYTER*AILEEN*T***XX*1013394097~REF*1H*575843780~DTM*050*20210802~AMT*AU*72.57~SVC*HC:90834*120*72.57~DTM*472*20210114~CAS*CO*45*47.43~REF*6R*928527893~AMT*B6*72.57~LX*129~CLP*928292115*1*120*72.57**CH*H214X00FC0000*11*1~NM1*QC*1*ATWATER*ELIZABETH*A***HN*928292115~NM1*IL*1*ATWATER*GRAHAM*D***MI*601788051~NM1*82*1*PLAYTER*AILEEN*T***XX*1013394097~REF*1H*575843780~DTM*050*20210802~AMT*AU*72.57~SVC*HC:90834:95*120*72.57~DTM*472*20210122~CAS*CO*45*47.43~REF*6R*928562339~AMT*B6*72.57~PLB*812344400*20211231*WO:52121408411  0010291780 TA1*64.52*72:52121408411  0010291780 TA1*-64.52*WO:52121415554  0010592719 TR1*79.64*72:52121415554  0010592719 TR1*-79.64*WO:52121415561  0010579600 TR1*1408.56*72:52121415561  0010579600 TR1*-1408.56~PLB*812344400*20211231*WO:52121415570  0010566798 TR1*1862.47*72:52121415570  0010566798 TR1*-1862.47~SE*1590*0001~ST*835*0002~BPR*I*102.35*C*CHK************20210804~TRN*1*0010314152TA1*1571132733~REF*EV*7GW0013CA3~REF*F2*1588011043    R88010803013428~DTM*405*20210803~N1*PR*PGBA,LLC~N3*TRICARE WEST REGION CLAIMS*P.O. BOX 202112~N4*FLORENCE*SC*295022112~PER*CX*TRICARE WEST REGION CLAIMS CORRESPONDENCE*TE*8448669378~PER*BL*TRICARE ELECTRONIC CLAIMS SERVICE CENTER*TE*8003255920~N1*PE*SERENITY COUNSELING SERVICES H*XX*1588011043~N3*SUITE 201*99-149 MOANALUA RD~N4*AIEA*HI*96701~REF*TJ*812344400~LX*1~CLP*595-3075*1*150*102.35**CH*H210X0MVC0000*02*1~NM1*QC*1*KOTICH*MICHAEL*A***HN*595-3075~NM1*82*1*PLAYTER*AILEEN*T***XX*1013394097~REF*1H*575843780~DTM*050*20210729~AMT*AU*102.35~SVC*HC:90837:95*150*102.35~DTM*472*20210722~CAS*CO*45*47.65~REF*6R*089595-3075~AMT*B6*102.35~SE*28*0002~GE*2*858103383~IEA*1*858103383~