ISA*00*          *00*          *ZZ*330897513      *ZZ*MEDBOSSC       *210720*0242*^*00501*853292319*0*P*:~GS*HP*330897513*MEDBOSSC*20210720*0242*853292319*X*005010X221A1~ST*835*0001~BPR*I*672.93*C*ACH*CCP*01*121301015*DA*48070310*1990040115**01*321370765*DA*81020-75433*20210720~TRN*1*1643726*1990040115~REF*F2*5.40~DTM*405*20210715~N1*PR*HAWAII MEDICAL SERVICE ASSOCIATION~N3*818 KEEAUMOKU ST~N4*HONOLULU*HI*96814~PER*BL*ETS*TE*8089486355~N1*PE*SERENITY COUNSELING SERVIC*XX*1588011043~REF*TJ*812344400~LX*1~CLP*472-2817*1*120*79.98*19.99*12*21195E0003949*02~NM1*QC*1*PEEBLES*BRANDEN*M***MI*XLER000082601907~NM1*82*1*FERREIRA*LORI*M***XX*1811143126~REF*CE*690~DTM*232*20210601~DTM*233*20210601~DTM*050*20210713~AMT*AU*99.97~SVC*HC:90834:95*120*79.98~CAS*PR*2*19.99~CAS*CO*45*20.03~REF*6R*525472-2817~AMT*B6*99.97~CLP*472-2819*1*120*79.98*19.99*12*21195E0004375*02~NM1*QC*1*PEEBLES*BRANDEN*M***MI*XLER000082601907~NM1*82*1*FERREIRA*LORI*M***XX*1811143126~REF*CE*690~DTM*232*20210615~DTM*233*20210615~DTM*050*20210713~AMT*AU*99.97~SVC*HC:90834:95*120*79.98~CAS*PR*2*19.99~CAS*CO*45*20.03~REF*6R*526472-2819~AMT*B6*99.97~CLP*472-2815*1*120*79.98*19.99*12*21195E0004664*02~NM1*QC*1*PEEBLES*BRANDEN*M***MI*XLER000082601907~NM1*82*1*FERREIRA*LORI*M***XX*1811143126~REF*CE*690~DTM*232*20210519~DTM*233*20210519~DTM*050*20210713~AMT*AU*99.97~SVC*HC:90834:95*120*79.98~CAS*PR*2*19.99~CAS*CO*45*20.03~REF*6R*523472-2815~AMT*B6*99.97~CLP*825-2713*1*120*0*120*HM*21196E0003799*02~NM1*QC*1*ORA*LORNA*A***MI*XLHR000080976459~NM1*IL*1*ORA*LORNA*A***MI*XLHR000080976459~NM1*74*1*FERGUSON*AARON****C*R000080976459~NM1*82*1*PLAYTER*AILEEN*T***XX*1013394097~REF*CE*YQ~DTM*232*20210709~DTM*233*20210709~DTM*050*20210714~AMT*AU*119.33~SVC*HC:90847:95*120*0~CAS*PR*204*120~REF*6R*704825-2713~AMT*B6*119.33~LQ*HE*N130~CLP*928172154*1*140*0**12*21173E0002497*02~NM1*QC*1*KAM*OULILANI****MI*XLAR000022657597~NM1*74*1***K***C*R000022657597~NM1*82*1*FERREIRA*LORI*M***XX*1811143126~REF*CE*633~DTM*232*20201020~DTM*233*20201020~DTM*050*20210622~SVC*HC:T1006:95*140*0~CAS*CO*A1*140~REF*6R*928332959~LQ*HE*N130~CLP*928172160*1*140*0**12*21173E0003583*02~NM1*QC*1*KAM*OULILANI****MI*XLAR000022657597~NM1*74*1***K***C*R000022657597~NM1*82*1*FERREIRA*LORI*M***XX*1811143126~REF*CE*633~DTM*232*20201013~DTM*233*20201013~DTM*050*20210622~SVC*HC:T1006:95*140*0~CAS*CO*A1*140~REF*6R*928332968~LQ*HE*N130~CLP*720-2669*1*90*68.13**12*21193E0004044*02~NM1*QC*1*NATALIE*OWENS****MI*XLAR000030570758~NM1*IL*1*NATALIE*OWENS****MI*XLAR000030570758~NM1*74*1*OWENS*LAMONT****C*R000030570758~NM1*82*1*PLAYTER*AILEEN*T***XX*1013394097~REF*CE*898~DTM*232*20210708~DTM*233*20210708~DTM*050*20210711~AMT*AU*68.13~SVC*HC:90832:95*90*68.13~CAS*CO*45*21.87~REF*6R*055720-2669~AMT*B6*68.13~CLP*554-295*1*220*0**12*21137E0007319*02~NM1*QC*1*KAWAMOTO*RENEE****MI*R000080509243~NM1*IL*1*KAWAMOTO*RENEE****MI*R000080509243~NM1*74*1**KALEN*M~NM1*82*1*LINARES*DAVID****XX*1699008045~REF*CE*686~DTM*232*20210412~DTM*233*20210412~DTM*050*20210516~SVC*HC:90792:95*220*0~CAS*CO*8*220~REF*6R*800210862L868185818~LQ*HE*N95~CLP*877-1834*2*180*12.98**12*2119300001322*02~NM1*QC*1*WADA*DASIA****MI*XLRR000083391946~NM1*IL*1*WADA*DASIA****MI*XLRR000083391946~NM1*74*1**DARREN*K***C*R000015702848~NM1*82*1*LINARES*DAVID****XX*1699008045~REF*CE*445~DTM*232*20210605~DTM*233*20210605~DTM*050*20210712~AMT*AU*129.8~SVC*HC:90791:95*180*12.98~CAS*OA*23*167.02~REF*6R*805820551L882725289~AMT*B6*129.8~CLP*576-217*1*120*0**12*2119300003135*02~NM1*QC*1*SAGON*NICHOLAS****MI*R000081084022~NM1*IL*1*SAGON*NICHOLAS****MI*R000081084022~NM1*74*1*ALESNA SAGON*CANDICE*K***C*R000025565078~NM1*82*1*LINARES*DAVID****XX*1699008045~REF*CE*796~DTM*232*20210411~DTM*233*20210411~DTM*050*20210712~SVC*HC:90834:95*120*0~CAS*OA*18*120~REF*6R*025576-217~LQ*HE*N522~CLP*928447198*1*120*87.97*12*12*21193E0000714*11~NM1*QC*1*BRANDWEIN*EDWARD****MI*XLPR000082728965~NM1*82*1*LINARES*DAVID****XX*1699008045~REF*CE*754~DTM*232*20210321~DTM*233*20210321~DTM*050*20210711~AMT*AU*99.97~SVC*HC:90834:95*120*87.97~CAS*PR*3*12~CAS*CO*45*20.03~REF*6R*928848500~AMT*B6*99.97~CLP*928530243*1*175*0**12*21195E0000043*11~NM1*QC*1*MARRIA*JULIE****MI*R000081560393~NM1*IL*1*MARRIA*JULIE****MI*R000081560393~NM1*74*1*CHRISTOPHER*CYNTHIA*J~NM1*82*1*MATSUMOTO*NATALIA*A***XX*1427398312~REF*CE*819~DTM*232*20210425~DTM*233*20210425~DTM*050*20210713~SVC*HC:90837:95*175*0~CAS*OA*18*175~REF*6R*928992177~LQ*HE*N522~CLP*928488150*1*175*0**12*21195E0000114*11~NM1*QC*1*MARRIA*JULIE****MI*R000081560393~NM1*IL*1*MARRIA*JULIE****MI*R000081560393~NM1*74*1*CHRISTOPHER*CYNTHIA*J~NM1*82*1*MATSUMOTO*NATALIA*A***XX*1427398312~REF*CE*819~DTM*232*20210418~DTM*233*20210418~DTM*050*20210713~SVC*HC:90837:95*175*0~CAS*OA*18*175~REF*6R*928919107~LQ*HE*N522~CLP*928392919*1*175*0**12*21195E0000148*11~NM1*QC*1*KIRK*JONATHAN****MI*XLPR000080356330~NM1*IL*1*KIRK*AARON****MI*XLPR000080356330~NM1*74*1*STEITZ*MICHELLE*M***C*R000082708413~NM1*82*1*WATERS*LORI*M***XX*1760854152~REF*CE*828~DTM*232*20210309~DTM*233*20210309~DTM*050*20210713~SVC*HC:90837:95*175*0~CAS*OA*18*175~REF*6R*928754828~LQ*HE*N522~CLP*928443862*1*175*0**12*21195E0000231*11~NM1*QC*1*MARRIA*JULIE****MI*R000081560393~NM1*IL*1*MARRIA*JULIE****MI*R000081560393~NM1*74*1*CHRISTOPHER*CYNTHIA*J~NM1*82*1*MATSUMOTO*NATALIA*A***XX*1427398312~REF*CE*819~DTM*232*20210314~DTM*233*20210314~DTM*050*20210713~SVC*HC:90837:95*175*0~CAS*OA*18*175~REF*6R*928842986~LQ*HE*N522~CLP*928311828*1*190*0**12*21195E0000415*11~NM1*QC*1*MARRIA*JULIE****MI*R000081560393~NM1*IL*1*MARRIA*JULIE****MI*R000081560393~NM1*74*1*CHRISTOPHER*CYNTHIA*J~NM1*82*1*MATSUMOTO*NATALIA*A***XX*1427398312~REF*CE*819~DTM*232*20201219~DTM*233*20201219~DTM*050*20210713~SVC*HC:90791:95*190*0~CAS*OA*18*190~REF*6R*928601185~LQ*HE*N522~CLP*928488137*1*175*0**12*21195E0000445*11~NM1*QC*1*MARRIA*JULIE****MI*R000081560393~NM1*IL*1*MARRIA*JULIE****MI*R000081560393~NM1*74*1*CHRISTOPHER*CYNTHIA*J~NM1*82*1*MATSUMOTO*NATALIA*A***XX*1427398312~REF*CE*819~DTM*232*20210328~DTM*233*20210328~DTM*050*20210713~SVC*HC:90837:95*175*0~CAS*OA*18*175~REF*6R*928919092~LQ*HE*N522~CLP*928488145*1*175*0**12*21195E0000546*11~NM1*QC*1*MARRIA*JULIE****MI*R000081560393~NM1*IL*1*MARRIA*JULIE****MI*R000081560393~NM1*74*1*CHRISTOPHER*CYNTHIA*J~NM1*82*1*MATSUMOTO*NATALIA*A***XX*1427398312~REF*CE*819~DTM*232*20210404~DTM*233*20210404~DTM*050*20210713~SVC*HC:90837:95*175*0~CAS*OA*18*175~REF*6R*928919101~LQ*HE*N522~CLP*928488141*1*175*0**12*21195E0000574*11~NM1*QC*1*MARRIA*JULIE****MI*R000081560393~NM1*IL*1*MARRIA*JULIE****MI*R000081560393~NM1*74*1*CHRISTOPHER*CYNTHIA*J~NM1*82*1*MATSUMOTO*NATALIA*A***XX*1427398312~REF*CE*819~DTM*232*20210321~DTM*233*20210321~DTM*050*20210713~SVC*HC:90837:95*175*0~CAS*OA*18*175~REF*6R*928919096~LQ*HE*N522~CLP*634-2785*1*120*87.97*12*12*21195E0003721*02~NM1*QC*1*DWIGHT*TODD****MI*XLPR000019910165~NM1*74*1***P***C*R000019910165~NM1*82*1*FERREIRA*LORI*M***XX*1811143126~REF*CE*762~DTM*232*20210623~DTM*233*20210623~DTM*050*20210713~AMT*AU*99.97~SVC*HC:90834:95*120*87.97~CAS*PR*3*12~CAS*CO*45*20.03~REF*6R*312634-2785~AMT*B6*99.97~CLP*634-2783*1*120*87.97*12*12*21195E0003806*02~NM1*QC*1*DWIGHT*TODD****MI*XLPR000019910165~NM1*74*1***P***C*R000019910165~NM1*82*1*FERREIRA*LORI*M***XX*1811143126~REF*CE*762~DTM*232*20210602~DTM*233*20210602~DTM*050*20210713~AMT*AU*99.97~SVC*HC:90834:95*120*87.97~CAS*PR*3*12~CAS*CO*45*20.03~REF*6R*310634-2783~AMT*B6*99.97~CLP*710-2883*1*120*87.97*12*12*21196E0004377*02~NM1*QC*1*HANNA*ROXANNE****MI*XLFR000082277062~NM1*82*1*LINARES*DAVID****XX*1699008045~REF*CE*912~DTM*232*20210712~DTM*233*20210712~DTM*050*20210714~AMT*AU*99.97~SVC*HC:90834:95*120*87.97~CAS*PR*3*12~CAS*CO*45*20.03~REF*6R*720710-2883~AMT*B6*99.97~SE*303*0001~ST*835*0002~BPR*I*104.68*C*ACH*CCP*01*121301015*DA*01031503*1990040115**01*321370765*DA*81020-75433*20210720~TRN*1*1123007*1990040115~REF*F2*5.40~DTM*405*20210715~N1*PR*HAWAII MEDICAL SERVICE ASSOCIATION~N3*818 KEEAUMOKU ST~N4*HONOLULU*HI*96814~PER*BL*ETS*TE*8089486355~N1*PE*SERENITY COUNSELING SERVIC*XX*1588011043~REF*TJ*812344400~LX*1~CLP*731-2371*1*150*0*150*HM*21193E0004519*02~NM1*QC*1*CARINIO*JASON****MI*HFPF000025476797~NM1*74*1***R***C*F000025476797~NM1*82*1*PLAYTER*AILEEN*T***XX*1013394097~REF*CE*087~DTM*232*20210628~DTM*233*20210628~DTM*050*20210711~AMT*AU*112.45~SVC*HC:90837:95*150*0~CAS*PR*204*150~REF*6R*706731-2371~AMT*B6*112.45~LQ*HE*N130~CLP*731-2619*1*150*0*150*HM*21193E0006163*02~NM1*QC*1*CARINIO*JASON****MI*HFPF000025476797~NM1*74*1***R***C*F000025476797~NM1*82*1*PLAYTER*AILEEN*T***XX*1013394097~REF*CE*087~DTM*232*20210705~DTM*233*20210705~DTM*050*20210711~AMT*AU*112.45~SVC*HC:90837:95*150*0~CAS*PR*204*150~REF*6R*142731-2619~AMT*B6*112.45~LQ*HE*N130~CLP*731-2879*1*150*0*150*HM*21196E0002848*02~NM1*QC*1*CARINIO*JASON****MI*HFPF000025476797~NM1*74*1***R***C*F000025476797~NM1*82*1*PLAYTER*AILEEN*T***XX*1013394097~REF*CE*087~DTM*232*20210712~DTM*233*20210712~DTM*050*20210714~AMT*AU*112.45~SVC*HC:90837:95*150*0~CAS*PR*204*150~REF*6R*706731-2879~AMT*B6*112.45~LQ*HE*N130~CLP*866-2921*1*120*104.68**HM*21196E0003666*02~NM1*QC*1*ZOLLINGER-ABEYTA*LYRIC****MI*HFPF000030120083~NM1*IL*1*ZOLLINGER-ABEYTA*LYRIC****MI*HFPF000030120083~NM1*74*1*ZOLLINGER ABEYTA*CHRISTOPHE*J***C*F000030120083~NM1*82*1*FERREIRA*LORI*M***XX*1811143126~REF*CE*087~DTM*232*20210712~DTM*233*20210712~DTM*050*20210714~AMT*AU*104.68~SVC*HC:90834:95*120*104.68~CAS*CO*45*15.32~REF*6R*348866-2921~AMT*B6*104.68~SE*69*0002~GE*2*853292319~IEA*1*853292319~