ISA*00*          *00*          *ZZ*330897513      *ZZ*MEDBOSSC       *210803*0250*^*00501*857869579*0*P*:~GS*HP*330897513*MEDBOSSC*20210803*0250*857869579*X*005010X221A1~ST*835*0001~BPR*I*930.58*C*ACH*CCP*01*121301015*DA*48070310*1990040115**01*321370765*DA*81020-75433*20210803~TRN*1*1648336*1990040115~REF*F2*5.40~DTM*405*20210728~N1*PR*HAWAII MEDICAL SERVICE ASSOCIATION~N3*818 KEEAUMOKU ST~N4*HONOLULU*HI*96814~PER*BL*ETS*TE*8089486355~N1*PE*SERENITY COUNSELING SERVIC*XX*1588011043~REF*TJ*812344400~LX*1~CLP*825-2968*1*120*0*120*HM*21207E0007284*02~NM1*QC*1*ORA*LORNA*A***MI*XLHR000080976459~NM1*IL*1*ORA*LORNA*A***MI*XLHR000080976459~NM1*74*1*FERGUSON*AARON****C*R000080976459~NM1*82*1*PLAYTER*AILEEN*T***XX*1013394097~REF*CE*YQ~DTM*232*20210716~DTM*233*20210716~DTM*050*20210725~AMT*AU*119.33~SVC*HC:90847:95*120*0~CAS*PR*204*120~REF*6R*599825-2968~AMT*B6*119.33~LQ*HE*N130~CLP*825-2713*1*120*0*120*HM*21209E0002546*02~NM1*QC*1*ORA*LORNA*A***MI*XLHR000080976459~NM1*IL*1*ORA*LORNA*A***MI*XLHR000080976459~NM1*74*1*FERGUSON*AARON****C*R000080976459~NM1*82*1*PLAYTER*AILEEN*T***XX*1013394097~REF*CE*YQ~DTM*232*20210709~DTM*233*20210709~DTM*050*20210727~AMT*AU*104.68~SVC*HC:90834:95*120*0~CAS*PR*204*120~REF*6R*715825-2713~AMT*B6*104.68~LQ*HE*N130~CLP*720-2964*1*120*99.97**12*21207E0006742*02~NM1*QC*1*NATALIE*OWENS****MI*XLAR000030570758~NM1*IL*1*NATALIE*OWENS****MI*XLAR000030570758~NM1*74*1*OWENS*LAMONT****C*R000030570758~NM1*82*1*PLAYTER*AILEEN*T***XX*1013394097~REF*CE*898~DTM*232*20210716~DTM*233*20210716~DTM*050*20210725~AMT*AU*99.97~SVC*HC:90834:95*120*99.97~CAS*CO*45*20.03~REF*6R*261720-2964~AMT*B6*99.97~CLP*472-3205*1*120*79.98*19.99*12*21208E0005729*02~NM1*QC*1*PEEBLES*BRANDEN*M***MI*XLER000082601907~NM1*82*1*FERREIRA*LORI*M***XX*1811143126~REF*CE*690~DTM*232*20210713~DTM*233*20210713~DTM*050*20210726~AMT*AU*99.97~SVC*HC:90834:95*120*79.98~CAS*PR*2*19.99~CAS*CO*45*20.03~REF*6R*324472-3205~AMT*B6*99.97~CLP*710-3043*1*120*87.97*12*12*21207E0006393*02~NM1*QC*1*HANNA*ROXANNE****MI*XLFR000082277062~NM1*82*1*LINARES*DAVID****XX*1699008045~REF*CE*912~DTM*232*20210719~DTM*233*20210719~DTM*050*20210725~AMT*AU*99.97~SVC*HC:90834:95*120*87.97~CAS*PR*3*12~CAS*CO*45*20.03~REF*6R*090710-3043~AMT*B6*99.97~CLP*726-2900*1*150*95.39*12*12*21207E0007371*02~NM1*QC*1*MARTIN*SANDRA*SANDI***MI*XLPR000080101728~NM1*74*1***L***C*R000080101728~NM1*82*1*PLAYTER*AILEEN*T***XX*1013394097~REF*CE*754~DTM*232*20210713~DTM*233*20210713~DTM*050*20210725~AMT*AU*107.39~SVC*HC:90837:95*150*95.39~CAS*PR*3*12~CAS*CO*45*42.61~REF*6R*258726-2900~AMT*B6*107.39~CLP*910-3014*1*180*116.82*12.98*12*21207E0007660*02~NM1*QC*1*CHRISTOPHER*CYNTHIA****MI*R000081560393~NM1*74*1***J~NM1*82*1*PLAYTER*AILEEN*T***XX*1013394097~REF*CE*819~DTM*232*20210719~DTM*233*20210719~DTM*050*20210725~AMT*AU*129.8~SVC*HC:90791:95*180*116.82~CAS*PR*2*12.98~CAS*CO*45*50.2~REF*6R*264910-3014~AMT*B6*129.8~CLP*726-3061*1*150*95.39*12*12*21207E0008064*02~NM1*QC*1*MARTIN*SANDRA*SANDI***MI*XLPR000080101728~NM1*74*1***L***C*R000080101728~NM1*82*1*PLAYTER*AILEEN*T***XX*1013394097~REF*CE*754~DTM*232*20210720~DTM*233*20210720~DTM*050*20210725~AMT*AU*107.39~SVC*HC:90837:95*150*95.39~CAS*PR*3*12~CAS*CO*45*42.61~REF*6R*266726-3061~AMT*B6*107.39~CLP*554-3115*1*120*87.97*12*12*21208E0006092*02~NM1*QC*1*KAWAMOTO*RENEE****MI*R000080509243~NM1*IL*1*KAWAMOTO*RENEE****MI*R000080509243~NM1*74*1**KALEN*M~NM1*82*1*LINARES*DAVID****XX*1699008045~REF*CE*686~DTM*232*20210723~DTM*233*20210723~DTM*050*20210726~AMT*AU*99.97~SVC*HC:90834:95*120*87.97~CAS*PR*3*12~CAS*CO*45*20.03~REF*6R*094554-3115~AMT*B6*99.97~CLP*554-295*1*180*117.8*12*12*21209E0002413*02~NM1*QC*1*KAWAMOTO*RENEE****MI*R000080509243~NM1*IL*1*KAWAMOTO*RENEE****MI*R000080509243~NM1*74*1**KALEN*M~NM1*82*1*LINARES*DAVID****XX*1699008045~REF*CE*686~DTM*232*20210412~DTM*233*20210412~DTM*050*20210727~AMT*AU*129.8~SVC*HC:90791:95*180*117.8~CAS*PR*3*12~CAS*CO*45*50.2~REF*6R*960554-295~AMT*B6*129.8~CLP*877-1834*2*180*0**12*21209E0002861*02~NM1*QC*1*WADA*DASIA****MI*XLPR000015702848~NM1*IL*1*WADA*DARREN****MI*XLPR000015702848~NM1*74*1**DASIA*J***C*R000083391946~NM1*82*1*LINARES*DAVID****XX*1699008045~REF*CE*646~DTM*232*20210605~DTM*233*20210605~DTM*050*20210727~SVC*HC:90791:95*180*0~CAS*OA*18*180~REF*6R*582877-1834~LQ*HE*N522~CLP*910-3233*1*90*61.32*6.81*12*21209E0003222*02~NM1*QC*1*CHRISTOPHER*CYNTHIA****MI*R000081560393~NM1*74*1***J~NM1*82*1*PLAYTER*AILEEN*T***XX*1013394097~REF*CE*819~DTM*232*20210726~DTM*233*20210726~DTM*050*20210727~AMT*AU*68.13~SVC*HC:90832:95*90*61.32~CAS*PR*2*6.81~CAS*CO*45*21.87~REF*6R*338910-3233~AMT*B6*68.13~CLP*710-3248*1*120*87.97*12*12*21209E0003316*02~NM1*QC*1*HANNA*ROXANNE****MI*XLFR000082277062~NM1*82*1*LINARES*DAVID****XX*1699008045~REF*CE*912~DTM*232*20210726~DTM*233*20210726~DTM*050*20210727~AMT*AU*99.97~SVC*HC:90834:95*120*87.97~CAS*PR*3*12~CAS*CO*45*20.03~REF*6R*584710-3248~AMT*B6*99.97~SE*195*0001~ST*835*0002~BPR*I*329.58*C*ACH*CCP*01*121301015*DA*01031503*1990040115**01*321370765*DA*81020-75433*20210803~TRN*1*1126036*1990040115~REF*F2*5.40~DTM*405*20210728~N1*PR*HAWAII MEDICAL SERVICE ASSOCIATION~N3*818 KEEAUMOKU ST~N4*HONOLULU*HI*96814~PER*BL*ETS*TE*8089486355~N1*PE*SERENITY COUNSELING SERVIC*XX*1588011043~REF*TJ*812344400~LX*1~CLP*712-3209*1*120*104.68**HM*21208E0005808*02~NM1*QC*1*ZOLLINGER-ABEYTA*CHRISTOPHER****MI*HFPF000030120083~NM1*IL*1*ZOLLINGER*CHRISTOPHER****MI*HFPF000030120083~NM1*74*1*ZOLLINGER ABEYTA*CHRISTOPHE*J***C*F000030120083~NM1*82*1*FERREIRA*LORI*M***XX*1811143126~REF*CE*087~DTM*232*20210712~DTM*233*20210712~DTM*050*20210726~AMT*AU*104.68~SVC*HC:90834:95*120*104.68~CAS*CO*45*15.32~REF*6R*328712-3209~AMT*B6*104.68~CLP*731-3243*1*150*112.45**HM*21209E0002573*02~NM1*QC*1*CARINIO*JASON****MI*HFPF000025476797~NM1*74*1***R***C*F000025476797~NM1*82*1*PLAYTER*AILEEN*T***XX*1013394097~REF*CE*087~DTM*232*20210726~DTM*233*20210726~DTM*050*20210727~AMT*AU*112.45~SVC*HC:90837:95*150*112.45~CAS*CO*45*37.55~REF*6R*339731-3243~AMT*B6*112.45~CLP*731-3026*1*150*112.45**HM*21209E0002692*02~NM1*QC*1*CARINIO*JASON****MI*HFPF000025476797~NM1*74*1***R***C*F000025476797~NM1*82*1*PLAYTER*AILEEN*T***XX*1013394097~REF*CE*087~DTM*232*20210719~DTM*233*20210719~DTM*050*20210727~AMT*AU*112.45~SVC*HC:90837:95*150*112.45~CAS*CO*45*37.55~REF*6R*335731-3026~AMT*B6*112.45~SE*53*0002~GE*2*857869579~IEA*1*857869579~