ISA*00*          *00*          *ZZ*330897513      *ZZ*MEDBOSSC       *210924*0844*^*00501*874799646*0*P*:~GS*HP*330897513*MEDBOSSC*20210924*0844*874799646*X*005010X221A1~ST*835*0001~BPR*I*521.3*C*ACH*CCP*01*031202770*DA*8026485161*1841160004*000000000*01*321370765*DA*8102075433*20210927~TRN*1*5436137265VT1*1860813402*000000000~REF*EV*7GW1459CA3~REF*F2*1588011043    R35010922001785~DTM*405*20210922~N1*PR*TRIWEST HEALTHCARE ALLIANCE~N3*PO BOX 42270~N4*PHOENIX*AZ*850802270~PER*CX**TE*8772268749~PER*BL*VA CCN PROVIDER SERVICES*TE*8889017407~PER*IC**UR*WWW.VACOMMUNITYCARE.COM~N1*PE*DAVID LINARES*XX*1588011043~N3*APT 3U*94-1261 LUMIKULA ST~N4*WAIPAHU*HI*96797~REF*TJ*812344400~LX*1~CLP*394-178*1*120*0**VA*H264X1JK70000*11*1~NM1*QC*1*NUUSOLIA*TEETAI****MI*1011201633V521665~DTM*050*20210921~SVC*HC:90834:95*120*0~DTM*472*20210409~CAS*OA*18*120~REF*6R*883394-178~LQ*HE*N522~LX*2~CLP*666-4602*1*90*60.17**VA*H264X16BW0000*11*1~NM1*QC*1*VEGA*IVAN*L***MI*1015907203V018964~DTM*050*20210921~AMT*AU*60.17~SVC*HC:90832:95*90*60.17~DTM*472*20210910~CAS*CO*45*29.83~REF*6R*167666-4602~AMT*B6*60.17~LX*3~CLP*703-4656*1*120*0**VA*H264X16BY0000*02*1~NM1*QC*1*SAWICKI*EDWARD****MI*587722154~DTM*050*20210921~SVC*HC:90834:95*120*0~DTM*472*20210913~CAS*CO*288*120~REF*6R*717703-4656~LQ*HE*N489~LX*4~CLP*637-4543*1*120*0**VA*H264X16B00000*11*1~NM1*QC*1*JORGE*VINCENTE*C***MI*757182140~DTM*050*20210921~SVC*HC:90834:95*120*0~DTM*472*20210906~CAS*CO*288*120~REF*6R*934637-4543~LQ*HE*N489~LX*5~CLP*816-4549*1*120*79.64**VA*H264X16CB0000*11*1~NM1*QC*1*PEDERSON*JANET****MI*1018315345V659698~DTM*050*20210921~AMT*AU*79.64~SVC*HC:90834:95*120*79.64~DTM*472*20210827~CAS*CO*45*40.36~REF*6R*580816-4549~AMT*B6*79.64~LX*6~CLP*816-4551*1*120*79.64**VA*H264X16CD0000*11*1~NM1*QC*1*PEDERSON*JANET****MI*1018315345V659698~DTM*050*20210921~AMT*AU*79.64~SVC*HC:90834:95*120*79.64~DTM*472*20210901~CAS*CO*45*40.36~REF*6R*583816-4551~AMT*B6*79.64~LX*7~CLP*816-4553*1*120*79.64**VA*H264X16CG0000*11*1~NM1*QC*1*PEDERSON*JANET****MI*1018315345V659698~DTM*050*20210921~AMT*AU*79.64~SVC*HC:90834:95*120*79.64~DTM*472*20210908~CAS*CO*45*40.36~REF*6R*585816-4553~AMT*B6*79.64~LX*8~CLP*642-4557*1*120*0**VA*H264X16CK0000*11*1~NM1*QC*1*COLEMAN*LOREN*A***MI*757179272~DTM*050*20210921~SVC*HC:90834:95*120*0~DTM*472*20210825~CAS*CO*288*120~REF*6R*711642-4557~LQ*HE*N489~LX*9~CLP*660-4555*1*120*0**VA*H264X16CL0000*11*1~NM1*QC*1*BESTWICK*PAUL*A***MI*757536353~DTM*050*20210921~SVC*HC:90834:95*120*0~DTM*472*20210908~CAS*CO*288*120~REF*6R*958660-4555~LQ*HE*N489~LX*10~CLP*642-4559*1*120*0**VA*H264X16CM0000*11*1~NM1*QC*1*COLEMAN*LOREN*A***MI*757179272~DTM*050*20210921~SVC*HC:90834:95*120*0~DTM*472*20210901~CAS*CO*288*120~REF*6R*713642-4559~LQ*HE*N489~LX*11~CLP*642-4561*1*120*0**VA*H264X16CN0000*11*1~NM1*QC*1*COLEMAN*LOREN*A***MI*757179272~DTM*050*20210921~SVC*HC:90834:95*120*0~DTM*472*20210908~CAS*CO*288*120~REF*6R*714642-4561~LQ*HE*N489~LX*12~CLP*1952-4715*1*120*78.14**VA*H264X16GM0000*11*1~NM1*QC*1*FRERKSON*CYNTHIA*C***MI*1014789550V732088~DTM*050*20210921~AMT*AU*78.14~SVC*HC:90847:95*120*78.14~DTM*472*20210914~CAS*CO*45*41.86~REF*6R*9761952-4715~AMT*B6*78.14~LX*13~CLP*591-4719*1*120*0**VA*H264X16GQ0000*11*1~NM1*QC*1*READ*HOLLIS****MI*634460299~DTM*050*20210921~SVC*HC:90834:95*120*0~DTM*472*20210901~CAS*CO*288*120~REF*6R*982591-4719~LQ*HE*N489~LX*14~CLP*1952-4364*1*120*69.17**VA*H264X167Y0000*02*1~NM1*QC*1*FRERKSON*CYNTHIA*C***MI*1014789550V732088~DTM*050*20210921~AMT*AU*69.17~SVC*HC:90834:95*120*69.17~DTM*472*20210902~CAS*CO*45*50.83~REF*6R*0811952-4364~AMT*B6*69.17~LX*15~CLP*380-4463*1*120*0**VA*H264X168J0000*11*1~NM1*QC*1*HOY*JASON****MI*757466161~DTM*050*20210921~SVC*HC:90834:95*120*0~DTM*472*20210906~CAS*CO*288*120~REF*6R*004380-4463~LQ*HE*N489~LX*16~CLP*404-4537*1*120*0**VA*H264X169B0000*11*1~NM1*QC*1*WHITE*GEORGE*G***MI*1004043552V466555~DTM*050*20210921~SVC*HC:90834:95*120*0~DTM*472*20210907~CAS*CO*288*120~REF*6R*001404-4537~LQ*HE*N489~LX*17~CLP*603-4680*1*120*74.9**VA*H264X169X0000*02*1~NM1*QC*1*AYERS*JERAME****MI*1003726487V072972~DTM*050*20210921~AMT*AU*74.9~SVC*HC:90846:95*120*74.9~DTM*472*20210913~CAS*CO*45*45.1~REF*6R*353603-4680~AMT*B6*74.9~LX*18~CLP*637-4539*1*120*0**VA*H264X169Y0000*11*1~NM1*QC*1*JORGE*VINCENTE*C***MI*757182140~DTM*050*20210921~SVC*HC:90834:95*120*0~DTM*472*20210823~CAS*CO*288*120~REF*6R*930637-4539~LQ*HE*N489~LX*19~CLP*637-4541*1*120*0**VA*H264X169Z0000*11*1~NM1*QC*1*JORGE*VINCENTE*C***MI*757182140~DTM*050*20210921~SVC*HC:90834:95*120*0~DTM*472*20210830~CAS*CO*288*120~REF*6R*932637-4541~LQ*HE*N489~LX*20~CLP*404-4535*1*120*0**VA*H264X16990000*11*1~NM1*QC*1*WHITE*GEORGE*G***MI*1004043552V466555~DTM*050*20210921~SVC*HC:90834:95*120*0~DTM*472*20210831~CAS*CO*288*120~REF*6R*000404-4535~LQ*HE*N489~SE*204*0001~GE*1*874799646~IEA*1*874799646~