ISA*00*          *00*          *ZZ*330897513      *ZZ*MEDBOSSC       *210925*0230*^*00501*875181698*0*P*:~GS*HP*330897513*MEDBOSSC*20210925*0230*875181698*X*005010X221A1~ST*835*0001~BPR*H*0*C*NON************20210927~TRN*1*14359*1990040115~N1*PR*HAWAII MEDICAL SERVICE ASSOCIATION~N3*P. O. BOX 2970~N4*HONOLULU*HI*96802~PER*BL*ETS*TE*8089486355~N1*PE*SERENITY COUNSELING SERVIC*XX*1699008045~N4*LEHIGH ACRES*FL*33936~REF*TJ*812344400~LX*1~CLP*428-180*1*120*0**12*47120212642049900*02*1~NM1*QC*1*DUBOIS*ROBERT****MI*ZTH684W05369~DTM*232*20210409~SVC*HC:90834:95*120*0~CAS*OA*18*120~REF*6R*765428-180~AMT*B6*99.97~SE*19*0001~GE*1*875181698~IEA*1*875181698~